4110 5551
278 212 451 276 8©9.
498 200 723 275 Evftes
758 193 1202 269 Mittngdlatt.

1514 194 1597 264 Der
1632 191 1801 264 Zürcher
1834 189 2009 260 Mmg
2046 184 2147 246 K8.
2168 185 2399 259 IchWitg.

2914 176 3257 249 Dienstag,
3290 175 3399 235 *5,
3430 173 3595 236 Mai
3634 181 3825 241 LLM.

285 768 738 808 AbonaementSprerfer
889 784 1073 811 Non-eN-m-K
1089 782 1183 810 MomNr
1195 781 1291 809 M-n-r»

177 834 280 863 »ürich
295 837 332 858 bei
340 837 360 858 b.
368 831 564 857 Administration
578 828 613 850 ob.
621 826 710 851 Ablage
727 823 846 849 abgeholt
862 824 903 851 Fr.
916 825 965 846 210
1008 825 1056 846 6.80
1101 825 1162 846 10.60
1205 824 1269 846 21.—

293 864 359 888 durch
373 861 409 883 die
422 859 554 885 AuStrLgrr
577 854 622 877 «nS
640 851 712 880 HanS
733 851 846 877 »edrachr
876 867 887 876 .
916 851 966 873 L00
1009 851 1059 872 7.10
1102 851 1163 872 18.80
1206 850 1270 870 20^-

918 886 968 908 2.00
1011 886 1059 909 7.10
1102 885 1163 907 18»
1206 885 1269 906 20.—

180 958 343 986 SlvSland:
359 956 507 985 Drntlchland
530 957 539 977 1
731 962 763 972 —
782 961 816 969 —
863 947 909 969 Ml.
923 948 972 968 8.23
1014 948 1063 968 8.02

361 984 492 1011 Oesterreich
560 978 689 1004 Bestellnnz
701 973 902 1007 ^-fit.
923 974 972 994 4.98
1001 974 1063 995 132»
1105 973 1166 993 27.C9
1209 972 1273 992 66.27

362 1012 460 1035 Unaara
533 999 544 1033 1
599 1005 658 1028 beim
714 1012 767 1025 •—
783 1014 818 1022 —
883 1016 893 1024 .
922 1000 972 1021 6.12
1001 1000 1061 1021 14J1
1104 999 1164 1019 2804
1210 998 1275 1018 6226

366 1039 458 1061 sttaleea
576 1026 897 1059 Postamt_8.
924 1027 974 1047 820
1016 1026 1065 1046 835
1108 1025 1168 1045 16.76
1211 1025 1273 1045 3L—

363 1045 462 1093 Holland
536 1043 543 1084 I
735 1053 896 1079 _st.
924 1053 971 1074 a-
1015 1052 1064 1072 645
1108 1051 1168 1071 10.20
1211 1049 1275 1070 20.20

184 1103 325 1133 Franlreich,
331 1100 447 1127 Sagland.
453 1095 573 1123 R»bla»ld,
578 1092 687 1116 Amerika
695 1096 724 1113 rc.
731 1088 864 1115 kSveirdd.)
872 1088 913 1115 Fr.
926 1087 976 1107 820
1005 1086 1067 1107 14»
1107 1085 1170 1106 28»
1211 1084 1272 1105 6L—

1711 1030 1923 1095 Täglich
1960 1029 1999 1075 3
2032 1027 2317 1089 Ausgaben

3074 754 3502 790 JusertrouSpreise:

2933 792 2978 814 Dir
2994 793 3125 819 eiistpaltige
3139 794 3293 820 fiolonelzeile
3308 793 3360 815 oder
3374 793 3439 813 deren
3454 792 3531 813 Raum
3545 790 3574 811 80

2973 819 3011 844 lur
3025 819 3135 846 Anzeigen
3156 821 3330 845 ausländischen
3353 818 3489 843 Ursprungs
3507 818 3535 838 60
3550 816 3601 842 Rp>

3107 850 3226 872 Reklamen
3241 850 3282 877 Fr.
3297 849 3350 871 1.60
3362 852 3402 874 per
3415 848 3487 873 Zeile.

2797 901 2952 930 Redaktion
2967 901 3117 936 (Telephon
3131 902 3198 931 650)
3214 901 3271 930 und
3283 900 3428 929 Druckerei
3442 898 3598 934 (Telephon
3613 898 3714 932 5732):

3152 935 3343 971 Falkenstraße
3363 938 3405 963 XI.

2798 975 3030 1010 Admiuistr«rtion
3043 975 3195 1011 (Telephon
3210 976 3297 1007 2060)
3306 973 3361 1002 und
3372 972 3541 1008 Expedition
3555 970 3706 1007 (Telephon
3723 969 3841 1003 10163):

3155 1008 3347 1043 Goethcstraße
3366 1011 3401 1035 10
3402 1028 3409 1037 .

2800 1052 2952 1079 Annoncen
2961 1062 2970 1072 -
2978 1049 3126 1082 Abteilung
3145 1047 3298 1083 (Telephon
3310 1048 3409 1080 2534):
3428 1043 3787 1079 Thcatrrstr.5/Goethestr.
3801 1046 3842 1072 10.

291 1213 422 1281 Der
459 1202 781 1277 WüMritt
823 1198 929 1254 des

166 1286 456 1356 russischen
494 1273 1060 1351 KriegsminiKers.

229 1394 297 1425 Der
320 1387 463 1428 Konflikt
483 1382 637 1424 zwischen
657 1378 833 1413 Liberalen
853 1377 920 1408 und
939 1374 1060 1413 Sozia«

171 1439 258 1476 listen
278 1436 316 1467 in
336 1431 494 1470 Rußland
518 1427 635 1468 scheint
655 1425 707 1463 sich
731 1424 820 1455 einer
842 1422 970 1461 Lösung
994 1422 1060 1451 ent«

169 1478 467 1521 gcgenzudrängen.
514 1473 589 1505 Dar
615 1468 773 1509 Mitglied
800 1468 855 1498 der
882 1463 1058 1504 Provisori¬

171 1509 254 1565 en
277 1523 477 1560 Regierung,
524 1517 582 1556 auf
607 1516 676 1547 dem
702 1517 760 1545 vor
784 1512 882 1543 allem
906 1509 955 1542 die
979 1508 1060 1541 Ver-

171 1571 384 1606 aniwortung
412 1564 466 1604 für
495 1562 547 1595 die
576 1559 806 1599 Fortführung
837 1556 896 1588 des
924 1554 1062 1593 Krieges

171 1615 232 1647 und
249 1614 303 1646 die
319 1608 529 1647 militärische
547 1603 788 1644 Organisation
807 1601 907 1640 lastet,
927 1599 1060 1637 Kriegs«

172 1658 311 1697 minister
340 1653 536 1693 Gutschkvw,
586 1649 644 1689 hat
671 1647 757 1688 seine
785 1644 966 1684 Demission
993 1642 1061 1675 ein¬

173 1702 315 1742 gereicht.
337 1701 382 1733 Er
403 1698 537 1730 erklärte
558 1694 594 1727 in
613 1693 720 1725 einem
739 1689 919 1729 Schreiben
940 1696 982 1719 an
1004 1688 1063 1719 den

173 1744 534 1785 Ministerpräsidenten,
568 1739 632 1776 daß
658 1739 712 1770 der
734 1735 925 1774 Negierung
949 1739 1063 1771 gegen¬

173 1792 292 1831 wärtig
330 1788 415 1827 nicht
455 1787 507 1818 die
548 1781 774 1823 erforderliche
793 1778 965 1812 Autorität
983 1776 1062 1809 über

174 1838 287 1870 Armee
306 1834 374 1866 und
395 1833 505 1870 Flotte
528 1828 647 1869 zustehe
668 1827 733 1858 und
757 1825 820 1863 daß
844 1827 881 1856 es
902 1823 968 1862 ihm
991 1823 1062 1853 des¬

173 1882 248 1920 halb
278 1875 463 1915 unmöglich
495 1874 549 1914 sei,
582 1874 638 1905 der
671 1868 826 1907 Anarchie
860 1866 1062 1906 abzuhelfen,

174 1926 223 1957 die
248 1925 298 1957 die
324 1920 471 1962 Freiheit
514 1919 581 1951 und
607 1917 702 1957 sogar
728 1915 779 1947 die
806 1912 946 1951 Existenz
971 1910 1062 1947 Ruß¬

174 1970 274 2002 lands
296 1967 448 2004 bedrohe.
471 1961 681 2000 Gleichzeitig
704 1961 763 1999 hat
786 1957 864 1996 auch
889 1957 944 1988 der
968 1956 1065 1987 Kom¬

172 2014 331 2046 mandant
374 2012 426 2042 der
470 2006 711 2047 Petersburger
755 2002 924 2040 Garnison
956 1999 1063 2039 seinen

172 2057 327 2091 Rücktritt
352 2060 553 2095 genommen,
579 2059 613 2083 er
637 2050 700 2082 mit
724 2044 974 2083 ausdrücklicher
1000 2043 1064 2075 Be¬

173 2103 295 2141 rufung
318 2100 448 2139 darauf,
495 2098 557 2135 daß
603 2095 654 2128 die
695 2090 915 2132 sozialistische
939 2089 1064 2120 Neben¬

174 2147 360 2187 regierung,
382 2145 436 2177 der
457 2141 622 2174 Arbeiter-
641 2139 707 2170 und
727 2133 1067 2173 Soldaienausschuß,

175 2193 224 2224 die
247 2188 492 2222 Oberkontrolle
538 2186 617 2217 über
662 2182 745 2222 seine
769 2180 902 2213 Ordern
946 2185 987 2209 an
1010 2176 1065 2216 sich

175 2235 288 2274 reißen
307 2234 425 2266 wollte.

238 2280 302 2311 Die
321 2278 461 2312 Motive,
482 2275 533 2307 die
553 2274 603 2306 die
624 2271 738 2304 beiden
757 2270 902 2302 Männer
922 2273 961 2306 zu
979 2266 1068 2305 ihrer

178 2324 356 2364 Demission
382 2321 542 2358 nötigten,
590 2318 655 2356 sind
703 2312 906 2353 durchsichtig
954 2317 1069 2349 genug.

178 2370 260 2401 Dem
304 2366 469 2399 Arbeiter-
503 2364 572 2396 und
606 2356 969 2395 Soldaten-AnSschuß,
1015 2355 1070 2385 der

180 2419 237 2445 vor
258 2413 383 2449 kurzem
424 2409 501 2447 noch
544 2409 620 2443 trotz
664 2406 717 2437 der
739 2401 988 2441 Aufforderung
1013 2399 1070 2429 des

177 2455 417 2497 sozialistischen
460 2450 735 2492 JustizmintsterS
779 2444 975 2483 Kerenzskis
1020 2442 1070 2473 die

180 2502 372 2539 Teilnahme
396 2507 437 2531 an
462 2499 515 2529 der
540 2494 730 2534 Regierung
754 2489 950 2527 verweigert
974 2488 1072 2526 hatte,

180 2547 267 2584 sollte
309 2545 375 2576 klar
418 2547 477 2575 vor
518 2540 635 2577 Augen
666 2537 782 2576 gestellt
823 2535 965 2569 werden,
1008 2530 1072 2567 daß

180 2592 229 2623 die
245 2586 475 2628 provisorische
494 2584 685 2622 Regierrmg
702 2581 774 2618 ihre
792 2577 961 2616 bisherige
979 2575 1073 2607 Rolle

180 2635 263 2673 nicht
288 2634 377 2672 mehr
405 2630 516 2662 weiter
564 2635 604 2666 zu
651 2624 773 2664 spielen
820 2622 963 2661 gedenke.
1009 2618 1073 2651 Die

182 2678 341 2710 liberalen
385 2673 534 2711 Minister
582 2671 647 2708 sind
695 2671 730 2700 eS
775 2667 883 2702 müde,
929 2665 982 2704 fiir
1008 2663 1074 2702 Zu¬

180 2723 283 2760 stände
300 2721 352 2752 die
368 2717 651 2751 Verantwortung
670 2720 707 2751 zu
723 2710 954 2749 übernehmen,
972 2708 1022 2740 die
1040 2707 1076 2738 in

181 2762 391 2800 Wirklichkeit
412 2761 488 2797 doch
514 2766 573 2797 gar
599 2757 685 2794 nicht
709 2759 775 2787 von
800 2755 912 2792 ihnen,
936 2753 1077 2791 sondern

182 2813 246 2841 von
276 2808 336 2839 den
364 2803 563 2843 Beschlüßen
615 2801 673 2832 des
703 2798 869 2831 Arbeiter-
898 2797 966 2829 und
995 2795 1077 2828 Sol-

182 2850 479 2889 daienausschusses
501 2848 568 2879 und
592 2847 652 2878 den
675 2843 927 2883 verschiedenen,
947 2842 984 2873 in
1006 2840 1077 2871 vol¬

183 2899 228 2929 ler
252 2894 403 2935 Freiheit
425 2892 621 2932 agierenden
667 2887 940 2920 revolutionären
964 2885 1077 2917 Mani¬

181 2943 335 2982 festanten
362 2937 526 2977 abhängig
553 2936 630 2974 sind.
677 2933 739 2965 Am
762 2931 938 2970 wenigsten
963 2930 1077 2961 konnte

182 2993 257 3017 man
309 2989 346 3016 es
398 2984 469 3014 dem
520 2980 656 3018 Kriegs-
705 2978 771 3009 und
821 2972 1078 3014 provisorischen

182 3027 461 3066 Marineminister
483 3024 670 3063 Gutschkow
694 3023 855 3061 zumntcn,
878 3018 1013 3057 Befehle
1038 3025 1078 3055 zu

184 3075 328 3113 erlassen,
347 3072 398 3105 die
417 3076 481 3103 von
500 3070 609 3110 seinen
627 3065 873 3104 Untergebenen
893 3065 948 3095 als
967 3063 1077 3100 Fetzen

184 3120 306 3158 Papier
327 3116 501 3157 behandelt
542 3113 689 3145 wurden.
727 3108 925 3148 Schließlich
968 3106 1077 3143 mußte

186 3164 258 3202 doch
307 3162 359 3194 die
405 3167 504 3200 ganze
530 3157 685 3197 offizielle
709 3155 995 3189 Verantwortung
1020 3150 1080 3188 ans

186 3212 242 3249 ihn
268 3208 379 3247 fallen,
428 3208 523 3236 wenn
571 3201 697 3241 infolge
724 3200 778 3231 der
806 3195 1079 3229 revolutionären

186 3254 374 3292 Zersetzung
417 3251 471 3282 der
513 3247 629 3281 Armee
674 3244 722 3276 die
763 3241 991 3280 Operationen
1032 3239 1081 3270 im

189 3298 285 3336 Felde
308 3296 479 3334 irgendwo
526 3292 620 3324 einen
662 3287 895 3327 unglücklichen
919 3285 1080 3323 Ausgang

188 3342 323 3379 nehmen
340 3340 488 3372 würden.
503 3336 576 3370 Wie
592 3336 707 3367 konnte
722 3341 756 3365 er
772 3332 850 3363 aber
869 3330 952 3368 diese
968 3328 1082 3360 Bürde

191 3387 247 3425 auf
268 3385 324 3424 sich
346 3385 493 3423 nehmen,
518 3381 650 3421 solange
676 3378 742 3418 ihm
766 3376 817 3409 die
841 3375 951 3413 Macht
974 3373 1081 3412 fehlte,

190 3438 245 3463 um
269 3430 380 3469 seinen
403 3428 652 3464 Anordnungen
677 3421 901 3461 Nachachtung
949 3425 988 3457 zu
1012 3421 1082 3449 ver,

191 3474 350 3515 schaffen?

254 3521 320 3551 Der
346 3515 501 3550 Rücktritt
526 3513 732 3553 Gutfchkows
777 3509 816 3549 ist
861 3509 970 3547 ferner
996 3505 1083 3544 wohl

192 3565 266 3601 «och
290 3562 429 3599 dadurch
452 3560 619 3599 befördert
642 3556 786 3592 worden,
832 3553 898 3591 daß
943 3553 998 3583 der
1020 3550 1083 3582 Be-

193 3609 296 3647 fchluß
319 3609 377 3639 des
398 3605 654 3639 Arbeiterrates,
674 3602 709 3633 in
729 3602 800 3632 dem
820 3599 871 3630 die
894 3596 1085 3634 Teilnahme

194 3660 236 3685 an
253 3652 359 3684 einem
378 3645 792 3684 Koalitionsministerium
809 3642 984 3682 abgelehnt
1001 3644 1086 3672 wor¬

196 3700 254 3729 den
274 3700 355 3733 war,
375 3703 438 3728 nur
457 3695 518 3727 mit
538 3700 621 3732 ganz
642 3690 792 3730 geringer
812 3684 1086 3723 Stimmenmehr¬

197 3742 262 3778 heit
280 3742 394 3780 gefaßt
410 3740 534 3772 wurde.
554 3736 739 3775 Gutschkow
760 3733 886 3771 rechnet
904 3730 994 3770 wohl
1014 3730 1087 3762 dar¬

199 3786 263 3823 auf,
309 3786 372 3823 daß
416 3788 453 3815 es
476 3791 541 3815 nur
563 3781 640 3819 noch
667 3781 757 3812 eines
780 3778 905 3809 kleinen
929 3774 1087 3813 Anstoßes

200 3830 340 3866 bedürfe,
365 3835 423 3861 um
446 3828 496 3860 die
523 3827 656 3860 damals
680 3823 821 3864 siegende
846 3820 1029 3860 Majorität
1051 3818 1088 3849 in

201 3872 268 3903 eine
293 3873 474 3905 Minorität
499 3879 539 3910 zu
564 3869 776 3903 verwandeln
803 3867 869 3899 und
898 3865 961 3901 daß
988 3863 1088 3901 dieser

200 3917 317 3956 Answtz
361 3918 438 3949 eben
482 3916 575 3954 durch
619 3915 704 3955 seine
747 3911 928 3951 Demission
952 3907 1089 3948 gegeben

1102 1177 1230 1208 werden
1254 1175 1376 1207 könnte.
1420 1170 1611 1211 Jedenfalls
1635 1168 1724 1201 wird
1748 1165 1804 1205 sich
1825 1169 1896 1195 mm
1920 1158 1997 1196 auch

1102 1223 1163 1253 das
1181 1217 1466 1252 Arbeiterkomitee
1485 1216 1568 1254 nicht
1586 1213 1676 1253 mehr
1698 1213 1753 1244 der
1774 1205 1910 1246 Einsicht
1927 1208 1998 1236 ver¬

1103 1265 1258 1305 schließen
1287 1265 1419 1300 können,
1449 1262 1514 1299 daß
1543 1264 1578 1292 es
1606 1259 1654 1291 im
1683 1253 1876 1294 bisherigen
1905 1248 2000 1282 Stile

1101 1310 1184 1348 nicht
1200 1310 1293 1348 mehr
1310 1308 1424 1340 weiter
1441 1306 1530 1345 gehe.
1548 1302 1723 1337 Entweder
1741 1298 1821 1337 mutz
1840 1298 1911 1329 dem
1928 1293 2000 1325 bis¬

1103 1355 1235 1393 herigen
1260 1349 1634 1392 Schaticnministerium
1683 1342 1841 1381 wirkliche
1867 1337 2001 1373 Gewalt

1105 1399 1309 1438 cingeräumt
1332 1397 1463 1429 werden
1485 1396 1562 1427 oder
1585 1394 1649 1424 das
1672 1388 1822 1422 Komitee
1844 1385 1924 1422 mutz
1947 1381 2002 1421 sich

1106 1444 1201 1476 direkt
1220 1450 1264 1474 an
1284 1444 1338 1474 der
1356 1441 1547 1479 Regierung
1567 1435 1754 1474 beteiligen,
1796 1432 1885 1464 dann
1924 1428 2002 1459 aber

1105 1488 1179 1527 mich
1201 1488 1299 1526 dafür
1319 1487 1444 1526 sorgen,
1464 1485 1530 1522 daß
1551 1482 1602 1515 die
1620 1477 1801 1518 Beschlüsse
1820 1475 1879 1506 des
1901 1471 2003 1505 Kabi¬

1105 1535 1192 1566 netts
1219 1531 1303 1569 nicht
1328 1531 1406 1569 bloß
1433 1529 1493 1568 ans
1518 1529 1587 1559 dem
1611 1523 1738 1563 Papier
1765 1519 1904 1552 bleiben.

1169 1575 1310 1615 Freilich
1333 1574 1474 1613 dürften,
1497 1570 1572 1609 auch
1591 1573 1690 1601 wenn
1711 1569 1749 1598 es
1770 1571 1812 1602 zu
1830 1563 1920 1594 einer
1940 1559 2007 1592 Bc-

1108 1620 1270 1659 teillgung
1303 1620 1358 1651 der
1390 1616 1592 1656 Sozialisten
1625 1619 1669 1643 an
1726 1610 1782 1641 der
1815 1604 2006 1644 Regierung

1108 1666 1248 1696 kommen
1271 1663 1370 1702 sollte,
1393 1661 1470 1698 noch
1495 1659 1591 1697 lange
1612 1655 1699 1693 nicht
1723 1653 1785 1684 alle
1807 1647 2006 1688 Schwierig¬

1108 1709 1206 1741 keiten
1236 1706 1380 1747 gehoben
1412 1705 1490 1743 sein.
1544 1700 1628 1738 Auch
1660 1700 1910 1736 angenommen,
1941 1692 2007 1728 das;

1108 1752 1157 1784 die
1178 1751 1389 1789 Delegierten
1411 1750 1467 1780 der
1490 1744 1640 1778 Arbeiter
1663 1742 1732 1773 und
1756 1739 1924 1772 Soldaten
1944 1736 2008 1768 mit

1110 1797 1170 1828 den
1197 1794 1374 1827 Liberalen
1405 1790 1500 1829 loyal
1532 1788 1626 1827 Hand
1660 1786 1697 1817 in
1730 1783 1826 1822 Hand
1860 1780 2009 1813 arbeiten

1109 1840 1249 1876 wollten,
1271 1839 1304 1878 so
1326 1837 1414 1869 wäre
1436 1833 1543 1866 damit
1562 1831 1638 1868 noch
1661 1830 1760 1866 lange
1782 1825 1865 1864 nicht
1887 1825 2009 1863 gesagt,

1110 1883 1173 1922 daß
1201 1884 1266 1914 das
1295 1878 1522 1918 Ministerium
1551 1875 1609 1913 auf
1637 1870 1855 1911 allgemeinen
1883 1869 2010 1907 Gehor¬

1111 1929 1176 1966 sam
1208 1925 1342 1964 rechnen
1374 1924 1499 1955 könnte.
1554 1918 1615 1951 Die
1647 1917 1801 1952 Bauern,
1833 1913 1884 1945 die
1917 1912 2010 1944 Land

1111 1971 1237 2006 wollen,
1260 1969 1311 2000 die
1333 1965 1504 2001 Reaktion,
1527 1963 1579 1994 die
1598 1962 1637 1992 in
1658 1961 1722 1992 den
1742 1957 1934 1997 Provinzen
1954 1955 2011 1994 sich

1110 2015 1155 2046 im
1182 2014 1284 2052 stillen
1312 2019 1355 2043 an
1383 2009 1433 2042 die
1462 2007 1579 2040 A"beit
1607 2003 1750 2043 gemacht
1779 2002 1844 2040 hat,
1872 2000 1923 2033 die
1952 2006 2010 2030 an¬

1111 2055 1321 2095 archistischen
1368 2053 1537 2086 Elemente
1584 2050 1642 2080 des
1689 2046 1860 2084 äußersten
1905 2044 2012 2075 linken

1111 2101 1251 2140 Flügels
1277 2100 1333 2131 der
1356 2095 1569 2134 Sozialisten,
1594 2110 1632 2114 —
1657 2092 1720 2122 alle
1747 2089 1830 2128 diese
1855 2089 2013 2125 Gruppen

1111 2146 1248 2176 würden
1271 2141 1348 2180 auch
1373 2141 1479 2172 einem
1504 2132 1920 2171 Koalitionsministerium
1942 2131 2013 2164 Wi¬

1114 2188 1258 2227 derstand
1287 2187 1365 2218 oder
1391 2182 1589 2220 mindestens
1615 2179 1736 2218 passive
1764 2176 1917 2215 Resistenz
1945 2177 2014 2207 ent¬

1114 2232 1321 2271 gegensetzen.
1368 2228 1419 2260 So
1445 2226 1523 2265 steht
1549 2223 1598 2256 die
1624 2222 1769 2262 Zukunft
1795 2221 1831 2252 in
1854 2219 2015 2257 Rußland

1115 2275 1196 2313 recht
1224 2278 1416 2305 verworren
1446 2273 1524 2305 aus,
1552 2268 1619 2299 und
1648 2270 1686 2298 es
1715 2266 1755 2304 ist
1782 2264 1867 2301 nicht
1894 2267 2015 2301 ausge¬

1114 2318 1270 2358 schlossen,
1298 2316 1362 2354 daß
1413 2315 1473 2345 alle
1523 2313 1574 2344 die
1602 2307 2016 2346 anseinanderstrcbendcn

1116 2362 1309 2398 Tendenzen
1355 2356 1533 2398 schließlich
1560 2354 1644 2392 nicht
1672 2352 1748 2391 doch
1796 2352 1872 2390 noch
1920 2350 2017 2388 durch

1115 2406 1207 2437 einen
1257 2400 1625 2440 Militärdespolismus
1676 2395 2017 2436 zusammengehalten

1117 2450 1248 2480 werden
1272 2447 1404 2485 müssen,
1428 2446 1510 2483 falls
1533 2442 1588 2481 sich
1612 2442 1666 2473 ein
1690 2441 1812 2480 solcher
1833 2439 2019 2477 überhaupt

1117 2492 1177 2524 mit
1199 2491 1288 2530 Hilfe
1310 2492 1365 2523 der
1388 2487 1655 2528 gegenwärtigen
1678 2485 1926 2517 Bauernarmee
1948 2481 2017 2514 ein-

1117 2536 1234 2574 richten
1258 2534 1355 2572 ließe.

1177 2579 1229 2616 Zu
1248 2577 1397 2616 beachten
1415 2576 1453 2614 ist
1470 2575 1643 2614 übrigens,
1663 2573 1728 2610 daß
1749 2570 2017 2609 Kricgsminister

1119 2623 1303 2661 Gutschkow
1332 2621 1490 2659 Sphären
1517 2618 1725 2657 entstammte,
1754 2616 1806 2647 die
1834 2616 1905 2653 eher
1954 2615 2019 2645 das

1118 2666 1279 2705 Befehlen
1308 2665 1364 2696 als
1417 2665 1480 2695 das
1510 2661 1671 2694 Lavieren
1700 2659 1763 2692 mit
1794 2658 2019 2696 Vollsmassen

1121 2711 1245 2748 gelernt
1270 2709 1392 2747 hatten.
1417 2706 1578 2745 Mitglied
1603 2706 1660 2736 des
1686 2703 1910 2741 Rcichsratcs,
1934 2701 2021 2739 Prä¬

1120 2754 1218 2792 sident
1244 2753 1303 2784 der
1331 2752 1456 2784 dritten
1480 2751 1594 2783 Duma
1618 2749 1686 2780 und
1715 2749 1776 2779 des
1804 2744 2021 2784 Rcichslomi-

1120 2800 1188 2829 tees
1208 2798 1264 2828 der
1285 2795 1521 2833 mobilisierten
1542 2791 1789 2832 Industriellen,
1811 2794 1881 2822 war
1900 2797 1934 2820 er
1955 2792 2020 2820 we¬

1120 2842 1213 2879 niger
1246 2840 1303 2871 als
1334 2838 1451 2877 irgend
1484 2837 1540 2869 ein
1573 2837 1708 2868 anderer
1745 2836 1830 2872 dazu
1860 2833 2019 2871 geeignet,

1122 2884 1191 2916 eine
1220 2883 1327 2914 Stelle
1362 2881 1582 2920 auszufüllen,
1615 2883 1680 2910 von
1736 2879 1833 2908 deren
1863 2875 2019 2914 Inhaber

1118 2928 1203 2966 nicht
1221 2927 1384 2965 Tatkraft,
1402 2926 1544 2964 sondern
1564 2921 1826 2961 Nachgiebigkeit
1844 2926 1945 2958 gegen
1965 2918 2018 2950 die

1120 2973 1254 3003 Launen
1285 2971 1340 3001 der
1372 2968 1499 3005 Straße
1531 2967 1597 2998 und
1629 2965 1815 3003 vorsichtige
1847 2961 2017 3001 Schwäche

1121 3015 1274 3051 verlangt
1297 3012 1394 3044 wird.
1439 3010 1529 3042 Sein
1554 3008 1695 3042 Eintritt
1720 3009 1758 3039 in
1783 3008 1847 3039 das
1869 3006 2017 3044 Ministe¬

1124 3058 1210 3089 rium
1237 3061 1309 3088 war
1335 3054 1506 3095 seinerzeit
1533 3054 1602 3085 eine
1629 3051 1794 3084 Garantie
1822 3049 1928 3087 dafür,
1955 3049 2020 3086 daß

1122 3101 1171 3133 die
1214 3098 1446 3139 provisorische
1489 3096 1679 3135 Regierung
1726 3094 1798 3127 eine
1843 3092 2018 3132 energische

1121 3144 1244 3183 Politik
1265 3151 1305 3181 zu
1327 3143 1445 3182 führen
1468 3141 1611 3180 gedenke.
1652 3139 1759 3172 Seine
1781 3137 1959 3176 Denüssion
1981 3135 2019 3174 ist

1123 3195 1192 3220 nun
1219 3187 1273 3219 ein
1301 3187 1480 3225 Symptom
1509 3184 1617 3223 dafür,
1646 3183 1709 3219 das;
1740 3182 1843 3221 dieser
1870 3180 2019 3220 Versuch,

1122 3230 1292 3270 vorläufig
1317 3229 1525 3268 wenigstens,
1549 3226 1716 3265 mißglückt
1741 3225 1788 3263 ist.

1188 3344 1406 3381 Petersburg,
1434 3343 1480 3373 14.
1506 3339 1593 3373 Mai.
1630 3338 1788 3378 (Havas.)
1827 3336 2023 3369 General

1126 3386 1152 3417 K
1166 3392 1183 3416 o
1197 3392 1212 3415 r
1225 3393 1246 3416 n
1260 3384 1271 3415 i
1286 3384 1297 3416 l
1310 3392 1328 3415 o
1343 3387 1373 3414 w
1395 3382 1528 3414 erklärte
1549 3382 1604 3413 der
1624 3378 1937 3419 „Börscnzeitung",
1957 3377 2020 3413 das;

1126 3433 1158 3457 er
1180 3424 1288 3464 seinen
1308 3423 1427 3462 Posten
1447 3422 1605 3460 verlassen
1625 3421 1706 3460 habe
1729 3423 1844 3458 wegen
1865 3419 1917 3450 der
1940 3418 2021 3455 For¬

1127 3467 1290 3503 derungen
1312 3463 1456 3503 gewisser
1477 3462 1619 3494 Vereine
1639 3461 1706 3492 und
1727 3458 2021 3498 Organisationen,

1128 3506 1177 3537 die
1204 3504 1357 3543 glauben,
1385 3504 1422 3541 sie
1449 3502 1563 3541 hätten
1591 3499 1775 3539 ebensoviel
1802 3498 1937 3537 Anrecht
1963 3497 2023 3535 auf

1125 3547 1187 3578 das
1207 3544 1411 3576 Kommando
1431 3543 1486 3574 der
1506 3542 1660 3579 Truppen
1681 3541 1744 3571 wie
1764 3547 1797 3571 er
1817 3539 1913 3578 selbst.
1953 3538 2019 3569 Der

1128 3588 1212 3626 letzte
1231 3584 1375 3624 Vorfall,
1397 3585 1451 3616 der
1473 3582 1531 3622 ihn
1554 3589 1611 3620 zur
1632 3580 1814 3620 Demission
1836 3579 1928 3615 trieb,
1951 3581 2021 3609 war

1128 3627 1178 3659 die
1221 3626 1416 3663 Forderung
1461 3624 1519 3655 des
1566 3619 1919 3659 Exelutivausschusses
1966 3618 2020 3649 der

1128 3667 1290 3699 Arbeiter«
1331 3665 1397 3696 und
1439 3661 1820 3699 Soldatcndelegierten,
1862 3660 1910 3690 die
1953 3662 2022 3689 ver¬

1129 3708 1271 3745 langten,
1295 3705 1359 3744 daß
1395 3704 1444 3736 die
1469 3703 1651 3741 gegebenen
1673 3701 1811 3740 Befehle
1849 3701 1901 3731 der
1936 3697 2022 3736 Prü¬

1130 3749 1210 3787 fung
1244 3748 1313 3779 und
1350 3746 1404 3776 der
1441 3742 1727 3781 vorhergehenden
1752 3739 1927 3777 Billigung
1966 3738 2024 3770 des

1130 3788 1295 3821 Komitees
1339 3784 1507 3823 vorgelegt
1550 3784 1689 3814 werden.
1732 3781 1797 3814 Die
1840 3780 2023 3818 Zeitungen

1129 3828 1280 3867 glauben,
1312 3825 1375 3861 daß
1409 3822 1555 3860 General
1587 3821 1895 3859 Polowtsow,
1926 3819 2023 3849 Kom¬

1132 3869 1288 3900 mandant
1316 3867 1370 3897 der
1399 3863 1562 3901 Division,
1591 3864 1735 3900 genannt
1765 3860 1837 3899 „die
1865 3857 2024 3894 Wilden",

1130 3907 1271 3942 General
1297 3904 1471 3938 Kornilow
1497 3903 1629 3942 ersetzen
1650 3901 1747 3933 wird.

2103 1157 2269 1194 Mailand,
2298 1157 2346 1188 15.
2371 1155 2455 1188 Mai.
2505 1166 2545 1192 ag
2592 1152 2659 1184 Der
2687 1149 2824 1190 Pariser
2852 1149 2935 1180 Kor¬

2042 1197 2232 1235 respondent
2262 1198 2319 1228 des
2351 1194 2513 1234 „Secolo"
2543 1191 2693 1228 berichtet
2723 1193 2789 1221 aus
2818 1188 2935 1228 Paris,

2043 1237 2098 1268 der
2124 1236 2278 1269 Rücktritt
2302 1234 2510 1273 Gutschlows
2535 1233 2603 1263 rmd
2629 1230 2827 1263 Kornilows
2854 1228 2937 1266 habe

2044 1276 2080 1307 in
2106 1277 2164 1308 den
2190 1276 2341 1314 dortigen
2367 1273 2554 1314 politischen
2580 1271 2714 1309 Kreisen
2740 1269 2835 1301 einen
2861 1269 2937 1305 star¬

2045 1317 2100 1347 ken
2126 1316 2279 1348 Eindruck
2304 1314 2454 1353 gemacht.
2502 1311 2567 1344 Die
2595 1310 2773 1349 offiziellen
2802 1308 2939 1340 Gründe
2957 1309 2963 1338 I

2046 1356 2104 1387 des
2129 1355 2302 1387 Rücktritts
2328 1354 2423 1392 rufen
2447 1352 2589 1391 lebhafte
2614 1349 2878 1390 Besprechungen
2904 1347 2940 1378 in
2958 1357 2962 1393 j

2046 1394 2153 1434 Paris
2181 1395 2310 1434 hervor,
2339 1398 2390 1425 wo
2419 1399 2498 1425 man
2526 1398 2571 1423 an
2599 1390 2651 1423 die
2680 1388 2823 1427 Energie
2853 1387 2940 1419 erin-
2957 1379 2963 1410 >

2977 1149 3059 1183 nert,
3079 1145 3129 1178 die
3149 1145 3319 1178 Kornilow
3342 1152 3385 1176 an
3403 1143 3506 1184 seiner
3526 1143 3630 1175 Stelle
3649 1141 3773 1180 gezeigt
3789 1143 3851 1181 hat.

2983 1187 3031 1218 Es
3054 1190 3121 1217 war
3143 1185 3210 1224 ihm
3232 1186 3401 1224 gelungen,
3424 1184 3460 1214 in
3484 1184 3537 1215 der
3562 1182 3721 1221 kritischen
3742 1182 3854 1214 Situa-

2980 1226 3051 1258 tion
3076 1225 3126 1257 die
3151 1225 3312 1263 Disziplin
3338 1226 3392 1255 der
3418 1223 3658 1261 Petersburger
3683 1222 3855 1260 Besatzuna

2984 1273 3024 1304 zu
3045 1265 3199 1304 erhalten.
3243 1265 3326 1296 Man
3350 1263 3495 1295 erinnert
3517 1262 3571 1300 sich
3596 1260 3706 1292 weiter
3731 1253 3854 1300 an'seir

2982 1305 3226 1342 Unternehmen,
3271 1311 3327 1335 um
3372 1303 3423 1334 die
3468 1301 3681 1340 Desertionen
3726 1308 3765 1338 zu
3810 1301 3855 1332 be¬

2983 1343 3143 1384 schränken

2842 1475 3307 1553 Weltkrieg.

2110 1593 2239 1630 Berlin,
2261 1593 2307 1624 14.
2326 1590 2411 1623 Mai.
2455 1589 2583 1628 (Wolff.
2623 1586 2771 1625 Amtlich.
2814 1585 2940 1617 Abend¬

2049 1637 2166 1677 bericht
2187 1641 2263 1669 vom
2284 1638 2332 1669 14.
2353 1635 2452 1673 Mai.)
2496 1633 2678 1672 Wechseln-
2721 1632 2816 1671 starke
2837 1631 2941 1663 Arttl-

2051 1682 2277 1721 lerieiätigkeit
2319 1689 2362 1713 an
2384 1681 2443 1712 den
2466 1679 2720 1718 Kampffronten
2741 1677 2790 1708 im
2811 1676 2941 1715 Westen.

2049 1726 2114 1759 Bei
2138 1726 2409 1762 Craonelle,
2443 1724 2660 1760 Corböny
2683 1722 2753 1754 und
2777 1721 2942 1758 Berry-

2052 1779 2070 1802 a
2083 1779 2105 1803 u
2126 1784 2138 1798 -
2158 1772 2189 1803 B
2203 1778 2222 1803 a
2235 1778 2250 1802 c
2273 1770 2402 1803 blieben
2422 1767 2626 1809 französische
2649 1765 2871 1804 Teilvorstößc
2894 1772 2942 1796 er¬

2051 1816 2188 1855 folglos.

2106 1876 2228 1911 Berlin,
2277 1877 2321 1906 14.
2362 1875 2444 1906 Mai.
2495 1873 2547 1909 (W
2559 1880 2577 1902 o
2589 1874 2601 1902 l
2613 1874 2624 1907 f
2635 1874 2646 1907 f
2654 1873 2667 1902 k
2677 1879 2696 1902 o
2707 1879 2739 1900 m
2749 1878 2783 1901 m
2795 1879 2808 1899 e
2820 1878 2840 1900 n
2851 1872 2864 1901 t
2875 1878 2891 1900 a
2904 1870 2941 1905 r.)

2050 1912 2116 1947 Mus
2136 1912 2188 1941 der
2209 1911 2264 1942 Ar
2275 1913 2349 1941 ras
2362 1911 2446 1946 front
2466 1910 2572 1938 reiben
2594 1908 2644 1937 die
2667 1907 2850 1941 Engländer
2871 1906 2944 1935 wei-

2053 1948 2098 1975 ter
2125 1946 2189 1978 ihre
2216 1945 2425 1982 menschlichen
2450 1945 2516 1975 und
2546 1943 2755 1978 maschinellen
2782 1940 2945 1980 Angrifss-

2053 1982 2152 2011 ncittel
2183 1981 2214 2010 in
2255 1980 2487 2016 ergebnislosen
2528 1979 2590 2008 und
2621 1975 2850 2013 verlustreichen
2879 1977 2945 2004 An¬

2050 2017 2166 2051 griffen
2195 2017 2256 2051 auf.
2302 2016 2444 2050 Tatsache
2471 2015 2514 2049 ist,
2541 2014 2603 2048 das;
2631 2013 2663 2041 in
2691 2013 2749 2041 den
2776 2010 2945 2045 englischen

2052 2052 2213 2087 Berichten
2259 2050 2314 2085 seit
2340 2050 2466 2084 Wochen
2493 2049 2543 2078 die
2591 2048 2719 2083 gleichen
2745 2046 2946 2077 Ortsnamen

2053 2085 2285 2121 wiederkehrrn.
2321 2086 2370 2115 Es
2389 2085 2421 2119 ist
2438 2084 2509 2114 dies
2529 2083 2579 2113 ein
2599 2081 2798 2117 vollgültiger
2815 2081 2946 2110 Beweis

2055 2122 2106 2155 für
2127 2122 2188 2151 das
2211 2122 2429 2151 voltlommene
2451 2117 2703 2150 Steckenbleiber!
2729 2117 2814 2151 ihrer
2838 2115 2949 2149 Offen¬

2055 2156 2122 2189 sive.
2168 2157 2230 2186 Ter
2256 2155 2421 2190 neuerliche
2450 2154 2542 2189 große
2569 2152 2696 2187 Angriff
2724 2157 2776 2180 am
2803 2151 2846 2181 12.
2874 2149 2946 2179 Mai

2056 2192 2090 2220 in
2113 2193 2182 2221 dem
2206 2190 2488 2225 reichumkämpften
2514 2188 2654 2219 Gelände
2678 2186 2861 2221 beiderseits
2893 2185 2949 2213 der

2056 2227 2177 2261 Scarpe
2206 2225 2287 2254 blieb
2315 2225 2514 2254 vollkommen
2545 2223 2590 2251 im
2618 2221 2772 2257 deutschen
2799 2219 2949 2254 M'wehr-

2056 2262 2141 2295 fcner
2169 2260 2278 2294 liegen.
2324 2260 2407 2294 Dorf
2433 2261 2497 2288 und
2527 2257 2676 2292 Bahnhof
2705 2257 2870 2290 Roeux,
2899 2255 2947 2282 die

2054 2292 2141 2330 schon
2166 2295 2340 2330 mehrmals
2369 2294 2431 2328 ihre
2459 2293 2587 2328 Besitzer
2625 2290 2794 2325 gewechselt
2840 2289 2949 2324 haben,

2056 2331 2178 2360 blieben
2209 2331 2279 2365 nach
2310 2329 2486 2358 erbitterten
2519 2328 2673 2362 Kämpfen
2713 2325 2747 2354 in
2789 2323 2948 2359 englischer

2056 2367 2159 2401 Hand.
2194 2366 2255 2396 Die
2273 2364 2429 2400 deutschen
2447 2363 2562 2393 Linien
2580 2362 2683 2393 halten
2701 2361 2764 2389 das
2784 2360 2866 2393 Dorf
2884 2358 2948 2387 und

2057 2403 2117 2430 den
2139 2400 2290 2437 Bahnhof
2315 2407 2371 2434 eng
2398 2398 2619 2428 umklammert.
2664 2394 2878 2429 Nachmittags
2905 2399 2950 2422 er¬

2057 2438 2204 2465 neuerten
2246 2435 2298 2464 die
2324 2433 2505 2468 Engländer
2550 2431 2622 2466 nach
2647 2431 2753 2466 starker
2778 2428 2951 2458 Artillerie¬

2059 2471 2277 2505 vorbereitung
2310 2469 2373 2504 ihre
2403 2468 2546 2502 Angriffe
2589 2466 2642 2500 auf
2670 2463 2951 2495 Bullecourt.

2058 2506 2163 2541 Ihren
2192 2505 2264 2535 weit
2291 2503 2496 2537 überlegenen
2527 2501 2658 2536 Kräften
2685 2500 2800 2535 gelang
2829 2501 2873 2530 es.
2902 2498 2951 2526 die

2059 2541 2190 2575 deutsche
2209 2540 2378 2575 Besatzung
2397 2538 2429 2566 in
2447 2538 2506 2566 den
2526 2536 2738 2570 Nordostrand
2756 2535 2815 2562 des
2834 2533 2952 2566 Dorfes

2059 2574 2350 2611 zurückzudrängen.
2392 2573 2465 2603 Seit
2489 2573 2558 2601 dem
2582 2572 2627 2600 11.
2651 2569 2722 2600 Mai
2750 2569 2783 2603 ist
2808 2568 2877 2597 dies
2902 2569 2953 2596 der

2060 2611 2182 2646 zwölfte
2202 2609 2349 2644 englische
2368 2608 2497 2643 Angriff
2519 2608 2573 2641 auf
2593 2606 2654 2634 das
2673 2603 2875 2637 Trichterfeld
2897 2603 2953 2631 des

2061 2647 2188 2681 Dorfes.
2207 2645 2307 2675 Wenn
2325 2644 2423 2677 jedoch
2442 2641 2489 2671 die
2508 2640 2691 2675 Engländer
2709 2640 2764 2673 auf
2780 2638 2852 2667 dem
2862 2637 2954 2671 Besitz

2060 2683 2161 2717 dieses
2178 2678 2461 2714 Trümmerhausts
2478 2676 2627 2713 bestehen,
2645 2676 2676 2709 so
2694 2673 2821 2703 werden
2840 2671 2877 2707 sie
2894 2672 2954 2701 den

2060 2716 2189 2751 Angriff
2212 2715 2261 2744 ein
2282 2713 2476 2747 dreizehntes
2498 2705 2572 2740 Mal
2595 2708 2804 2742 wiederholen
2825 2706 2954 2741 müssen;

2061 2753 2144 2780 denn
2165 2756 2218 2779 am
2239 2750 2274 2778 1?
2320 2747 2380 2776 "ai
2399 2746 2521 2775 abends
2541 2744 2610 2779 spät
2631 2743 2760 2772 wurden
2784 2742 2877 2776 ihnen
2900 2740 2957 2769 alle

2064 2787 2096 2815 in
2114 2785 2279 2815 Bnlleco:..
2315 2787 2507 2816 errungenen
2524 2778 2665 2810 Vorteile
2679 2778 2771 2812 durch
2788 2777 2847 2805 den
2862 2775 2960 2810 wuch¬

2061 2821 2147 2855 tigen
2193 2816 2423 2853 Gegenangriff
2467 2815 2555 2844 eines
2601 2812 2795 2848 preußischen
2842 2810 2960 2841 Garde-

2062 2855 2235 2884 baiaillons
2260 2854 2353 2881 unter
2375 2852 2428 2881 der
2450 2849 2657 2885 persönlichen
2680 2848 2836 2882 Führung
2856 2845 2959 2880 seines

2061 2891 2183 2925 tapfcrn
2212 2886 2469 2918 Kommandeurs
2496 2886 2540 2914 im
2566 2884 2661 2919 zähen
2688 2881 2861 2916 Nahkanipf
2888 2880 2960 2909 wie¬

2059 2928 2116 2953 der
2145 2923 2301 2958 entrissen.
2351 2920 2516 2955 Ebenfalls
2544 2917 2673 2953 brachen
2710 2917 2761 2945 die
2793 2915 2960 2950 englischen

2059 2958 2208 2994 Angriffe
2236 2957 2382 2992 zwischen
2410 2956 2462 2985 der
2488 2955 2611 2988 Scarpe
2640 2953 2701 2982 und
2729 2953 2784 2981 der
2813 2950 2959 2985 Chaussee

2060 2995 2090 3023 A
2102 3001 2118 3023 r
2129 3001 2144 3023 r
2156 3001 2173 3022 a
2185 2994 2265 3022 s-C
2279 3000 2296 3021 a
2310 2998 2341 3020 m
2352 2992 2370 3020 b
2383 2998 2399 3019 r
2410 2999 2427 3019 a
2441 2991 2460 3023 i,
2481 2989 2533 3018 die
2556 2992 2620 3018 von
2642 2989 2661 3016 8
2683 2986 2750 3018 Uhr
2774 2986 2895 3015 abends
2920 2990 2960 3013 an

2059 3029 2198 3058 dreimal
2224 3025 2410 3061 wiederholt
2435 3025 2574 3056 wurden,
2598 3024 2689 3052 unter
2714 3022 2857 3055 blutigen
2885 3020 2961 3049 Ver¬

2059 3064 2161 3098 lusten
2189 3063 2379 3098 zusammen.
2427 3060 2583 3100 Während
2612 3058 2660 3087 die
2690 3056 2868 3091 Franzosen
2895 3057 2960 3082 und

2064 3098 2249 3134 Engländer
2271 3095 2452 3131 fortfahren,
2472 3094 2520 3123 die
2539 3093 2639 3123 Stadt
2659 3093 2709 3122 St.
2729 3090 2879 3121 Quentin
2896 3089 2960 3118 und

2062 3134 2107 3162 La
2151 3133 2230 3166 Fürs
2273 3128 2634 3167 zusammenzuschießen,
2675 3126 2785 3160 verlief
2828 3131 2869 3154 an
2910 3125 2962 3152 der

2062 3169 2091 3197 A
2104 3169 2115 3196 i
2128 3169 2146 3197 s
2157 3175 2179 3196 n
2191 3176 2205 3196 e
2221 3167 2278 3196 der
2295 3167 2367 3200 Tag
2386 3161 2672 3200 verhältnismäßig
2689 3161 2793 3195 ruhig.
2830 3159 2890 3189 Bei
2908 3160 2962 3187 der

2063 3202 2290 3237 planmäßigen
2320 3200 2535 3234 Bekämpfung
2563 3198 2616 3227 der
2645 3194 2859 3231 französischen
2886 3194 2961 3223 Bat¬

2063 3237 2165 3267 terien
2189 3237 2300 3267 wurde
2330 3236 2398 3264 eine
2426 3235 2513 3269 starke
2541 3231 2735 3262 Detonation
2764 3229 2825 3259 mit
2851 3228 2963 3263 gewal¬

2063 3273 2146 3307 tiger
2167 3270 2474 3306 Rauchentwicklung
2494 3267 2675 3301 beobachtet.
2696 3265 2756 3296 Die
2778 3264 2879 3295 Beute
2902 3264 2962 3291 aus

2064 3308 2124 3337 den
2145 3307 2299 3341 Kämpfen
2321 3313 2372 3335 am
2390 3306 2433 3333 11.
2452 3304 2522 3334 Mai
2541 3302 2590 3332 bei
2611 3303 2750 3332 Cernv
2772 3297 2894 3333 erhöhte
2914 3297 2963 3332 sich

2066 3344 2123 3376 ans
2143 3343 2198 3371 300
2221 3342 2412 3376 Gefangene,
2436 3339 2504 3374 fünf
2527 3336 2718 3372 Maschinen-
2741 3335 2805 3363 und
2830 3332 2965 3367 Schncll-

2066 3376 2278 3412 ladcgewehre
2305 3376 2371 3404 und
2400 3374 2489 3403 einen
2516 3371 2803 3404 Granatenwerfer.

2103 3412 2169 3442 Ein
2191 3409 2446 3444 überraschender
2467 3405 2781 3443 französischer
2802 3402 2966 3436 Angriffs-

2066 3447 2186 3481 Versuch
2209 3445 2392 3479 beiderseits
2412 3445 2464 3473 der
2485 3443 2604 3476 Straße
2627 3437 2966 3471 Corbüny-Pontavert

2067 3489 2123 3511 um
2152 3481 2355 3514 Mitternacht
2382 3479 2488 3508 wurde
2513 3477 2575 3507 mit
2599 3475 2848 3510 Handgranaten
2878 3472 2966 3506 abgc-

2067 3517 2191 3552 wicsen.
2234 3516 2286 3544 An
2310 3515 2364 3544 der
2389 3513 2506 3547 Straße
2533 3508 2802 3542 Reims-Brienne
2828 3508 2965 3540 drangen

2068 3552 2141 3587 nach
2189 3551 2292 3585 kurzer
2321 3545 2702 3579 Artillerievorbereitung
2740 3543 2873 3576 deutsche
2903 3542 2966 3575 Pa¬

2068 3585 2217 3615 trouillen
2240 3586 2272 3613 in
2293 3584 2343 3614 die
2366 3582 2543 3618 feindlichen
2563 3580 2691 3610 Gräben
2712 3579 2761 3607 ein
2783 3579 2846 3606 und
2868 3575 2966 3610 brach¬

2068 3623 2119 3650 ten
2148 3620 2239 3650 einen
2266 3619 2412 3654 Offizier,
2456 3619 2491 3647 42
2517 3616 2633 3647 Mann,
2677 3613 2742 3643 drei
2770 3611 2966 3643 Schnelladc-

2070 3656 2209 3690 gewehre
2230 3656 2293 3684 und
2316 3653 2451 3687 mehrere
2471 3649 2747 3682 Granatenwcrfcr
2767 3646 2878 3683 zurück.
2905 3644 2966 3675 Die

2070 3692 2103 3719 in
2138 3691 2242 3721 einem
2269 3687 2564 3724 Eisselturmbericht
2600 3683 2774 3718 enthaltene
2813 3681 2967 3713 Meldung

2069 3730 2144 3754 vom
2168 3725 2369 3758 Eindringen
2393 3721 2600 3757 französischer
2623 3718 2837 3752 Abteilungen
2862 3715 2895 3743 in
2918 3714 2968 3743 die

2070 3761 2228 3794 deutschen
2256 3759 2386 3789 Gräben
2416 3757 2463 3786 bei
2492 3755 2679 3789 Bevinvaux
2726 3753 2760 3787 ist
2809 3750 2967 3784 unrichtig.

2071 3794 2249 3830 Feindliche
2272 3792 2482 3828 Patrouillen,
2505 3791 2554 3821 die
2579 3790 2612 3818 in
2636 3790 2689 3817 der
2711 3786 2807 3817 Nackit
2828 3790 2902 3814 vom
2923 3785 2967 3813 12.

2072 3830 2146 3860 Mai
2177 3830 2210 3859 in
2242 3830 2349 3863 unsere
2380 3826 2551 3861 vordersten
2582 3823 2709 3854 Gräben
2740 3819 2878 3855 nördlich
2907 3823 2967 3847 von

2070 3864 2334 3899 Ammertzwciler
2363 3862 2593 3896 cingcdrnngen
2622 3862 2736 3891 waren,
2765 3857 2895 3885 wurden
2925 3855 2968 3888 so¬

2072 3901 2136 3935 fort
2159 3899 2274 3929 wieder
2295 3896 2585 3933 hinausgcworfen.

3042 1583 3091 1611 An
3109 1582 3162 1610 der
3179 1587 3209 1609 ni
3221 1588 3238 1608 a
3251 1587 3265 1607 c
3278 1587 3289 1607 e
3300 1580 3319 1608 d
3332 1585 3349 1607 o
3361 1586 3379 1607 n
3392 1578 3402 1608 i
3412 1579 3426 1612 s
3434 1578 3463 1613 ch
3474 1586 3488 1607 c
3501 1585 3521 1606 n
3540 1577 3640 1612 Front
3656 1576 3690 1611 ist
3704 1577 3758 1605 der
3778 1575 3865 1610 große

2987 1617 3115 1652 Angriff
3131 1614 3286 1646 Sarrails
3307 1615 3504 1643 vollkommen
3525 1619 3595 1647 zum
3617 1611 3736 1641 Sieben
3758 1612 3867 1645 gekom¬

2990 1659 3067 1681 men.
3103 1652 3167 1681 Der
3187 1651 3231 1679 12.
3250 1650 3320 1679 Mai
3342 1649 3445 1678 wurde
3465 1652 3526 1677 von
3546 1648 3605 1676 den
3623 1645 3787 1681 Deutschen
3807 1646 3867 1674 und

2989 1687 3152 1722 Bulgaren
3172 1684 3299 1718 benützt,
3321 1690 3373 1713 um
3394 1683 3443 1713 die
3465 1682 3630 1716 Gewinne,
3652 1680 3700 1710 die
3723 1680 3773 1710 die
3796 1679 3870 1709 Alli¬

2989 1722 3086 1751 ierten
3110 1728 3151 1750 an
3172 1721 3233 1749 den
3258 1720 3417 1753 Vortagen
3441 1717 3635 1751 erkämpften,
3658 1716 3773 1744 wieder
3798 1716 3871 1743 ans-

2990 1756 3167 1793 zngleichrn.
3186 1755 3236 1785 So
3255 1754 3383 1783 wurden
3403 1754 3456 1787 auf
3471 1754 3525 1781 der
3544 1751 3628 1786 Höh:
3647 1754 3709 1780 von
3727 1750 3756 1780 D
3771 1757 3786 1777 o
3797 1750 3815 1777 b
3828 1755 3841 1776 r
3854 1756 3869 1776 o

2989 1793 3020 1826 P
3032 1800 3048 1820 o
3060 1792 3072 1819 l
3081 1790 3093 1826 j
3104 1798 3119 1820 e
3140 1790 3190 1820 die
3214 1789 3337 1820 Serben
3363 1789 3424 1817 aus
3446 1788 3547 1816 einem
3569 1786 3641 1816 Teil
3664 1786 3717 1814 der
3739 1784 3871 1813 vordem

2987 1827 3126 1860 Gräben,
3169 1825 3201 1854 in
3245 1824 3302 1854 den
3326 1823 3362 1859 sic
3386 1829 3436 1852 am
3460 1824 3504 1851 11.
3529 1821 3601 1851 Mai
3645 1819 3871 1854 eingedrungen

2985 1865 3104 1894 waren,
3129 1860 3243 1890 wieder
3266 1858 3553 1894 Hinausgeworfcn.
3598 1855 3717 1889 Ebenso
3745 1854 3872 1882 wurden

2987 1897 3038 1927 die
3059 1895 3268 1930 bulgarischen
3291 1892 3486 1928 Feldwachen
3510 1890 3619 1926 südlich
3642 1889 3702 1923 von
3726 1888 3873 1923 Huma,

2990 1934 3058 1966 das,
3074 1931 3134 1961 wie
3153 1928 3350 1964 nachträglich
3367 1928 3494 1957 bekannt
3512 1926 3602 1960 wird,
3620 1931 3670 1953 am
3689 1926 3731 1953 11.
3750 1922 3821 1952 Mai
3839 1923 3872 1950 in

2987 1969 3043 1996 der
3067 1966 3158 2002 Hand
3192 1965 3251 1993 des
3281 1963 3416 1998 Feindes
3441 1961 3536 1994 blieb,
3582 1959 3873 1994 zurückgenommen.

2989 2002 3077 2037 Zwei
3108 1998 3296 2035 französische
3326 1996 3466 2032 Angriffe
3495 2003 3547 2024 am
3576 1996 3621 2024 12.
3652 1993 3722 2024 Mai
3755 1992 3871 2021 abends

2990 2039 3051 2067 aus
3074 2038 3128 2066 der
3149 2032 3388 2070 Jarelitzahöhe,
3411 2032 3483 2061 1083
3507 2031 3619 2062 Meter,
3660 2026 3773 2063 südlich
3812 2030 3872 2055 von

2989 2072 3100 2107 Huma,
3117 2070 3203 2105 brach
3223 2071 3312 2098 unter
3333 2069 3476 2103 schweren
3495 2065 3656 2099 Verlusten
3673 2062 3872 2097 ergebnislos

2990 2107 3175 2143 zusammen.

2988 2155 3876 2211 Dentsch-frttnrüstscherKrjeqsschanplnr;

3054 2233 3171 2272 Paris,
3195 2233 3241 2264 15.
3263 2229 3348 2263 Mai.
3393 2229 3532 2268 (HavaS.
3575 2225 3729 2263 Amtliche
3751 2223 3876 2256 Mittei¬

2993 2280 3073 2317 lung
3098 2281 3173 2309 vom
3198 2278 3246 2308 14.
3270 2274 3356 2311 Mai,
3381 2274 3505 2305 abends
3532 2274 3570 2304 11
3594 2270 3685 2309 Uhr.)
3712 2268 3776 2307 Jnl
3799 2268 3878 2300 Ver¬

2995 2325 3082 2362 lause
3128 2323 3184 2354 des
3228 2320 3340 2358 Tages
3385 2315 3625 2350 bombardierte
3669 2314 3718 2346 die
3742 2311 3879 2351 deutsche

2994 2367 3159 2401 Artillerie
3203 2366 3255 2397 die
3299 2365 3404 2402 Front
3446 2359 3592 2398 nördlich
3615 2364 3679 2390 von
3701 2358 3879 2395 Broyr-cn-

2993 2411 3165 2446 LaonnaiS
3188 2411 3254 2442 und
3301 2408 3365 2440 von
3389 2408 3548 2444 Ccrny.
3593 2404 3656 2436 Die
3679 2402 3809 2442 unsrige
3834 2409 3879 2433 er¬

2994 2457 3128 2489 widerte
3153 2455 3265 2495 heftig.
3291 2452 3421 2491 Oestlich
3448 2456 3513 2483 von
3537 2447 3792 2486 Berry-au-Bac
3815 2448 3878 2478 und

2994 2504 3031 2534 in
3054 2501 3107 2533 der
3128 2500 3432 2538 Champagne,
3473 2496 3509 2527 in
3553 2496 3607 2526 der
3630 2492 3762 2531 Gegend
3784 2491 3879 2523 Mont

2996 2547 3084 2586 Haut
3127 2546 3193 2576 und
3241 2544 3300 2582 auf
3325 2543 3384 2574 den
3408 2542 3517 2579 .HautS
3543 2540 3580 2571 de
3605 2539 3715 2576 Meufe
3741 2535 3880 2574 ziemlich

2997 2591 3137 2629 lebhafte
3160 2586 3457 2624 Arttlleriekämpfe.
3502 2584 3570 2616 Ein
3592 2580 3779 2621 feindlicher
3802 2580 3881 2612 Ver¬

3001 2636 3069 2675 such
3093 2635 3150 2673 auf
3173 2633 3265 2665 einen
3287 2632 3418 2672 unserer
3443 2629 3566 2661 kleinen
3589 2627 3706 2666 Posten
3729 2625 3776 2658 im
3798 2624 3885 2657 Vors

3003 2681 3061 2712 des
3083 2677 3279 2718 Chevaliers
3324 2677 3435 2708 wurde
3479 2672 3633 2711 mühelos
3678 2670 3886 2709 aügewiesen.

3003 2725 3070 2762 Auf
3091 2724 3143 2755 der
3163 2722 3303 2760 übrigen
3323 2720 3428 2759 Front
3449 2719 3484 2757 ist
3503 2718 3572 2749 kein
3591 2715 3807 2747 bedeutendes
3829 2715 3887 2745 Er¬

3006 2768 3115 2806 eignis
3135 2775 3175 2805 zu
3195 2765 3379 2804 erwähnen.
3421 2780 3457 2785 —
3497 2762 3561 2800 Im
3581 2760 3739 2798 Verlause
3761 2759 3820 2790 des
3842 2759 3888 2789 12.

3004 2814 3069 2844 und
3092 2813 3138 2844 13.
3158 2811 3230 2843 Mai
3275 2810 3408 2841 wurden
3451 2807 3535 2845 sechs
3557 2803 3723 2844 feindliche
3744 2803 3886 2841 Flug¬

3005 2864 3142 2896 zeuge
3167 2853 3390 2894 abgeschossen.
3414 2852 3462 2885 Es
3488 2849 3635 2889 bestätigt
3659 2849 3722 2886 sich,
3747 2848 3810 2885 das;
3833 2847 3887 2878 ein

3004 2903 3140 2934 anderer
3184 2898 3340 2937 deutscher
3383 2898 3528 2935 Apparat
3571 2901 3624 2926 am
3664 2894 3692 2924 4.
3715 2891 3789 2924 Mai
3812 2892 3886 2928 nach

3007 2946 3110 2978 einem
3132 2945 3249 2982 Kampf
3271 2943 3356 2975 beim
3378 2940 3588 2980 Aufschlagen
3611 2938 3668 2977 auf
3690 2938 3750 2968 den
3772 2936 3888 2968 Boden

3005 2992 3043 3023 in
3062 2989 3232 3022 Trütnmer
3273 2988 3363 3027 ging.
3406 2986 3522 3024 Unsere
3564 2980 3887 3018 Bombardierungs-

3006 3035 3199 3074 gcschwader
3224 3032 3436 3071 schleuderten
3459 3031 3541 3061 4000
3565 3028 3641 3060 Kilo
3666 3025 3887 3064 Sprengstoffe

3003 3081 3063 3118 auf
3081 3078 3215 3111 Biwals
3236 3078 3304 3108 und
3324 3075 3496 3114 Bahnhöfe
3517 3073 3624 3112 hinter
3646 3071 3700 3103 der
3722 3069 3883 3108 deutschen

3005 3124 3118 3163 Front.

3069 3165 3303 3204 Belgische
3321 3162 3534 3199 Mitteilung:
3553 3159 3755 3192 Beiderseits
3775 3157 3888 3196 Tätig¬

3006 3212 3065 3244 keit
3082 3212 3135 3244 der
3154 3209 3319 3243 Artillerie
3339 3209 3397 3247 auf
3414 3206 3650 3246 verschiedenen
3667 3203 3815 3241 Punkten
3833 3202 3883 3233 der

3009 3256 3182 3295 belgischen
3203 3254 3319 3294 Front»
3340 3253 3513 3292 besonders
3534 3251 3569 3282 in
3593 3250 3647 3281 der
3670 3248 3802 3287 Gegend
3826 3250 3885 3278 von

3005 3299 3210 3339 Dixmuiden.

3166 3357 3722 3406 Galkankrieasschrttr-lar;.

3072 3433 3185 3470 Paris,
3210 3433 3255 3463 15.
3279 3430 3365 3462 Mai.
3412 3429 3548 3467 (Havas.
3594 3423 3789 3461 Mitteilung
3837 3423 3888 3453 der

3009 3477 3232 3510 Orientarmee
3277 3479 3354 3506 vom
3398 3474 3444 3506 13.
3467 3471 3566 3508 Mai.)
3612 3469 3679 3506 Auf
3722 3467 3890 3505 einzelnen

3009 3520 3308 3561 Frontabschnitten
3334 3514 3628 3554 Artilleriekünipfe.
3653 3513 3714 3545 Die
3741 3511 3889 3551 serbische

3010 3567 3124 3599 Armee
3147 3565 3221 3597 rückt
3244 3564 3357 3596 Weiler
3401 3562 3458 3599 auf
3500 3556 3797 3595 Dobropolje
3822 3559 3890 3586 vor.

3009 3610 3189 3650 Feindliche
3216 3604 3644 3645 Erkundungsabteilnngen
3682 3601 3799 3639 südlich
3827 3603 3891 3630 von

3010 3655 3195 3688 Makulowo
3216 3654 3282 3685 und
3305 3658 3357 3684 am
3377 3650 3497 3688 rechten
3519 3648 3734 3684 Wardarufer
3756 3645 3892 3676 wurden

3009 3697 3278 3739 zurückgewicscn.

3072 3741 3361 3779 Rumänische
3384 3738 3599 3775 Mitteilung:
3644 3734 3711 3773 Auf
3735 3734 3789 3766 der
3817 3741 3894 3773 gan¬

3009 3796 3066 3827 zen
3086 3788 3190 3826 Front
3209 3785 3381 3826 spärliches
3402 3782 3632 3820 Gcwehrfeucr
3652 3780 3719 3811 und
3743 3778 3894 3817 schwache

3010 3832 3167 3872 Tätigkeit
3185 3832 3237 3863 der
3255 3828 3429 3862 Artillerie.
3446 3828 3511 3858 Der
3529 3825 3634 3863 Feind
3652 3823 3896 3856 bombardierte

3008 3876 3199 3914 namentlich
3221 3875 3271 3907 die
3291 3873 3453 3913 russischen
3472 3871 3609 3903 Gräben
3628 3869 3665 3900 in
3686 3869 3742 3899 der
3761 3868 3896 3906 Gegend

219 4025 236 4051 *
467 4021 830 4089 ZlsnMeLiM.

596 4108 693 4112 -
811 4098 934 4123 Nachdruck
951 4095 1069 4118 verboten.

520 4145 622 4178 Eine
651 4144 776 4176 Seele.

316 4194 444 4224 Roman
467 4192 529 4223 von
553 4191 669 4227 Ruth
694 4187 979 4224 Waldstetter.

260 4247 422 4283 Charlotte
446 4246 499 4276 bat
523 4245 626 4281 Faber
648 4251 721 4280 zum
742 4245 813 4276 Tee,
836 4242 900 4271 und
926 4239 977 4269 als
1000 4239 1036 4273 sie
1060 4237 1096 4266 in

204 4287 273 4315 dem
290 4286 501 4321 angenehmen
518 4285 660 4320 Zimmer
678 4283 728 4313 bei
743 4282 827 4317 Tisch
846 4280 938 4316 saßen
955 4279 1020 4306 und
1038 4277 1098 4305 den

206 4325 361 4360 Professor
396 4326 446 4354 die
481 4325 628 4360 hübschen
663 4321 888 4356 Damenhände
926 4317 1097 4349 bedienten,

208 4365 347 4393 übcrkam
366 4364 422 4400 ihn
441 4364 490 4394 ein
511 4362 737 4398 wunderliches
755 4360 915 4395 Behagen»
935 4357 966 4392 so
983 4355 1045 4390 daß
1065 4362 1098 4383 er

207 4403 254 4432 die
278 4404 404 4434 Stunde
427 4403 509 4439 hätte
533 4402 736 4439 hinträumen
758 4400 877 4434 mögen,
903 4396 967 4426 und
993 4402 1023 4424 er
1047 4394 1097 4429 sich

208 4448 263 4476 gar
287 4442 365 4477 nicht
389 4443 508 4477 beeilte,
533 4446 607 4472 vom
632 4441 733 4476 Zweck
756 4439 857 4475 seines
883 4434 1033 4471 Besuches
1059 4440 1098 4467 zu

209 4481 308 4511 reden.

263 4519 339 4555 „Ich
363 4521 441 4556 habe
465 4521 526 4551 Sie
551 4521 648 4551 leider
673 4518 786 4554 vorhin
811 4516 892 4546 beim
920 4513 1023 4543 Neben
1051 4518 1099 4545 ge¬

210 4559 304 4594 stört/
336 4561 415 4595 sagte
444 4567 483 4590 er.
530 4560 605 4596 „Ich
633 4557 830 4589 bewunderte
856 4553 965 4590 JHrcn
992 4550 1099 4581 reinen

209 4600 271 4628 und
294 4599 445 4634 kräftigen
466 4600 597 4635 Strich/

264 4638 342 4673 „Oh,
360 4638 401 4674 ich
420 4639 475 4668 übe
493 4638 638 4673 jeweilcn
656 4638 707 4667 ein
725 4635 857 4671 bißchen,
876 4636 967 4662 wenn
987 4629 1100 4659 Mama

208 4680 430 4713 ausgegangcn
465 4678 509 4713 ist.
554 4678 663 4708 Meine
699 4676 821 4707 Mutter
855 4672 933 4702 kann
970 4667 1099 4701 nämlich

207 4717 305 4752 Musik
327 4717 406 4752 nicht
430 4717 618 4753 auSstchen/

262 4756 349 4792 „Und
377 4758 447 4793 doch
473 4758 526 4792 hat
553 4757 590 4792 sie
617 4756 677 4786 Sie
706 4754 800 4788 Geige
830 4752 936 4781 lernen
965 4745 1097 4783 lassen?"

263 4797 351 4830 „Das
376 4796 430 4831 hat
454 4796 545 4831 Papa
569 4794 770 4830 durchgcsetzt.
803 4791 854 4825 In
880 4786 1017 4821 mancher
1040 4785 1101 4814 Be¬

212 4834 339 4871 gehung
362 4836 439 4871 habe
465 4835 505 4870 ich
529 4835 605 4869 mich
629 4834 696 4869 sehr
721 4834 773 4866 gut
797 4830 855 4860 mit
881 4828 946 4863 ihm
969 4824 1101 4859 verstan-

214 4881 274 4904 ren.
318 4876 406 4909 „Nur
441 4873 688 4909 „Brotstudicn",
723 4872 780 4901 wie
814 4877 846 4898 er
880 4869 939 4897 das
975 4864 1100 4896 nannte,

211 4915 307 4943 wollte
330 4921 361 4943 er
383 4914 459 4949 mich
478 4913 557 4948 nicht
575 4912 697 4942 tteiben
719 4911 821 4946 lassen.
859 4907 917 4941 Ach
939 4904 980 4940 ja,
1001 4902 1101 4932 damit

208 4952 295 4988 fängt
317 4954 370 4982 der
394 4960 487 4989 ganze
510 4953 711 4982 Bandwurm
734 4950 850 4979 meiner
875 4942 1102 4980 „unbefriedig¬

209 4994 261 5021 ten
283 4992 444 5028 Wünsche"
469 4999 518 5021 an.
540 4991 625 5022 Aber
648 4990 688 5025 ich
713 4988 824 5024 glaube
847 4983 987 5017 wirklich,
1010 4983 1044 5010 es
1069 4981 1103 5015 ist

210 5031 310 5067 besser,
333 5032 373 5067 ich
395 5030 538 5067 belästige
563 5030 623 5060 Sie
647 5030 701 5065 erst
725 5036 777 5063 gar
801 5026 878 5062 nicht
899 5022 1025 5053 damit."

266 5071 368 5106 Faber
385 5072 508 5100 wandte
528 5070 577 5106 ihr
593 5069 653 5099 mit
670 5068 848 5104 fragendem
865 5061 1022 5094 Ausdruck
1040 5058 1103 5094 sein

212 5109 323 5145 Gesicht
342 5117 388 5145 zu.

268 5147 341 5184 „Ich
378 5149 460 5185 hatte
498 5148 629 5184 nämlich
668 5148 756 5182 heute
793 5145 876 5181 schon
915 5142 983 5171 eine
1021 5140 1104 5168 Kon¬

212 5187 371 5222 sultation.
417 5189 548 5224 Fänden
574 5188 633 5218 Sic
662 5190 696 5216 es
724 5185 875 5218 übrigens
901 5182 968 5217 sehr
994 5182 1105 5207 unver¬

214 5226 328 5260 schämt,
346 5232 438 5256 wenn
458 5227 581 5262 jemand
600 5227 774 5262 behaupten
794 5224 911 5255 würde,
929 5219 979 5250 die
997 5218 1105 5252 Aerztc

213 5266 293 5302 seien
312 5266 362 5295 die
383 5267 576 5303 schlechtesten
597 5265 846 5302 Psychologen?"

271 5304 345 5341 »Ich
369 5305 461 5342 fände
485 5308 545 5337 das
571 5308 661 5343 sogar
685 5305 752 5339 sehr
774 5299 957 5339 zutreffend,
984 5294 1107 5331 obwohl

1135 4001 1304 4034 allerdings
1328 3997 1537 4032 Ausnahmen
1563 3995 1745 4031 vorhanden
1770 3994 1845 4029 sind.
1886 3992 1968 4023 Aber
1992 3991 2026 4019 in

1133 4042 1255 4076 unserer
1284 4038 1356 4072 Zeit
1383 4038 1438 4066 des
1467 4034 1826 4069 WissensprotzenttcmS,
1855 4036 1904 4061 wo
1930 4031 2027 4060 leider

1136 4081 1246 4110 Gottes
1282 4077 1358 4107 alles
1393 4075 1480 4109 durch
1515 4073 1660 4103 Lernerei
1692 4072 1758 4102 und
1795 4072 1930 4107 Examen
1965 4069 2028 4098 ent¬

1136 4119 1266 4154 schieden
1295 4115 1386 4149 wird,
1414 4114 1492 4143 kann
1521 4113 1577 4142 der
1606 4111 1697 4147 Besitz
1728 4111 1819 4141 eines
1848 4109 2029 4144 Instinktes,

1136 4158 1200 4187 und
1226 4160 1317 4186 wenn
1343 4162 1374 4183 er
1400 4153 1449 4189 für
1474 4153 1534 4182 den
1561 4151 1661 4187 Beruf
1687 4150 1757 4185 noch
1786 4151 1816 4184 so
1843 4148 1960 4184 wichtig
1986 4146 2029 4181 ist,

1136 4197 1213 4232 nicht
1256 4193 1376 4224 einmal
1420 4190 1620 4224 kontrolliert,
1664 4189 1842 4225 geschweige
1888 4187 2029 4219 verlangt

1137 4234 1285 4266 werden."

1194 4274 1311 4307 „Wenn
1352 4276 1426 4299 man
1468 4268 1530 4299 Sie
1574 4267 1670 4304 Hütte,
1711 4267 1792 4301 Herr
1834 4262 2028 4300 Professor?"

1139 4313 1320 4349 Charlottes
1343 4308 1457 4344 Gesicht
1479 4307 1576 4342 nahm
1598 4306 1729 4342 plötzlich
1754 4305 1845 4334 einen
1869 4302 2030 4336 kindlichen

1138 4351 1293 4383 Ausdruck
1320 4356 1369 4379 an.

1196 4390 1309 4426 „Pah,"
1341 4388 1400 4423 rief
1429 4386 1540 4421 Faber,
1572 4384 1724 4419 „glauben
1756 4384 1827 4417 Sie,
1858 4383 1896 4417 ich
1925 4380 2030 4409 könnte

1139 4432 1216 4467 nicht
1253 4429 1331 4463 ohne
1372 4426 1484 4461 Schule
1523 4424 1589 4454 und
1629 4422 1820 4457 Universität
1859 4418 2029 4456 existieren?

1141 4473 1239 4501 Wenn
1256 4475 1331 4497 man
1350 4465 1468 4494 einmal
1486 4464 1565 4498 nicht
1584 4463 1669 4498 mehr
1687 4462 1903 4498 losschimpfen
1923 4459 2032 4492 dürste,

1140 4511 1220 4545 hätte
1252 4508 1312 4537 das
1346 4505 1447 4534 Leben
1481 4503 1657 4537 überhaupt
1689 4502 1797 4530 keinen
1830 4500 1904 4533 Reiz
1937 4496 2031 4530 mehr.

1140 4549 1222 4579 Aber
1242 4551 1289 4577 wo
1312 4550 1419 4575 waren
1439 4543 1499 4572 wir
1520 4542 1580 4571 mit
1601 4541 1711 4577 Ihnen
1733 4540 1833 4576 stehen
1855 4535 2031 4573 geblieben?

1142 4588 1201 4619 Sie
1221 4587 1325 4622 hatten
1346 4584 1434 4618 heute
1454 4582 1522 4611 eine
1545 4580 1809 4615 Konsultation?"

1197 4625 1357 4661 Charlotte
1376 4622 1469 4657 schien
1487 4621 1577 4655 durch
1596 4619 1718 4654 Fabcrs
1736 4616 1927 4652 Gegenwart
1943 4613 2033 4644 merk¬

1141 4666 1195 4702 lich
1217 4663 1390 4698 erleichtert,
1410 4661 1474 4690 und
1496 4659 1532 4694 sie
1556 4660 1616 4694 rief
1635 4658 1699 4693 jetzt
1721 4658 1775 4694 fast
1800 4654 1935 4692 fröhlich:
1959 4651 2033 4687 „Ja,

1143 4707 1206 4735 und
1226 4705 1272 4734 die
1294 4707 1362 4732 war
1383 4702 1414 4735 so
1435 4698 1634 4733 unglaublich
1655 4696 1799 4733 verfehlt!
1821 4696 1886 4726 Der
1904 4693 1980 4727 Arzt
1998 4706 2035 4712 —

1143 4742 1269 4779 nämlich
1287 4740 1388 4771 meine
1407 4739 1529 4768 Mutter
1548 4737 1660 4772 wollte,
1678 4737 1738 4771 daß
1757 4734 1877 4764 einmal
1894 4732 1942 4762 ein
1959 4730 2034 4764 Arzt

1145 4783 1259 4819 „meine
1283 4779 1464 4814 verdrehten
1487 4777 1613 4812 Ideen"
1637 4775 1835 4810 begutachten
1858 4771 1948 4808 sollte,
1970 4770 2034 4799 und

1144 4823 1185 4859 ich
1217 4821 1315 4855 dachte
1349 4817 1512 4853 schließlich
1547 4815 1654 4851 selber,
1687 4813 1834 4849 vielleicht
1869 4810 1948 4841 wäre
1983 4808 2035 4838 der

1144 4863 1257 4893 Doktor
1277 4860 1328 4888 ein
1348 4857 1462 4887 Orakel
1481 4871 1519 4877 —
1537 4856 1593 4885 der
1612 4855 1689 4890 Arzt
1708 4854 1808 4884 redete
1828 4855 1891 4880 von
1908 4849 2036 4883 Anfang

1144 4902 1196 4931 bis
1224 4908 1261 4936 zu
1288 4898 1375 4928 Ende
1403 4902 1442 4931 zu
1469 4895 1555 4924 einer
1583 4894 1712 4931 Person,
1741 4892 1790 4923 die
1819 4898 1850 4920 er
1878 4895 1931 4925 gar
1958 4886 2035 4921 nicht

1146 4945 1201 4970 vor
1226 4938 1275 4975 sich
1301 4937 1412 4972 hatte."

1203 4978 1288 5014 „Und
1313 4975 1372 5005 wie
1396 4974 1496 5004 das?"

1203 5018 1278 5053 „Oh,
1304 5022 1344 5050 zu
1370 5014 1471 5043 einem
1498 5012 1701 5048 hysterischen,
1727 5011 1793 5040 und
1822 5023 1859 5030 —
1883 5005 1944 5035 und
1970 5006 2037 5033 ver¬

1146 5058 1259 5088 liebten
1278 5054 1439 5088 Mädchen,
1458 5052 1553 5087 schien
1573 5053 1609 5081 es
1629 5050 1714 5084 mir,"
1737 5048 1918 5079 antwortete
1939 5044 2036 5078 Char¬

1146 5099 1221 5128 lotte
1242 5093 1393 5126 errötend.
1416 5091 1515 5126 „Aber
1536 5091 1578 5127 ich
1598 5089 1731 5125 begreife
1751 5086 1883 5119 wirklich
1903 5084 1953 5114 bis
1973 5082 2038 5117 jetzt

1148 5137 1233 5172 nicht,
1258 5134 1294 5164 ob
1322 5132 1371 5162 ein
1395 5131 1472 5165 Arzt
1496 5130 1571 5165 bloß
1598 5131 1629 5165 so
1653 5129 1764 5158 taltlos
1790 5127 1824 5162 ist
1849 5126 1919 5154 oder
1945 5122 1981 5150 ob
2006 5127 2037 5149 er

1149 5177 1199 5206 ein
1226 5172 1415 5208 Vergnügen
1441 5171 1542 5200 daran
1570 5169 1670 5205 haben
1698 5168 1785 5200 kann,
1813 5165 1865 5194 ein
1891 5159 2038 5195 Mädchen

1148 5216 1206 5246 mit
1232 5214 1327 5248 rohen
1354 5211 1461 5241 Reden
1490 5216 1528 5245 zn
1556 5208 1721 5243 verletzen?
1759 5204 1884 5236 Denken
1912 5200 1979 5234 Sie,
2007 5205 2038 5227 er

1148 5256 1258 5290 machte
1281 5252 1334 5281 ein
1358 5248 1525 5285 ordentlich
1550 5246 1752 5284 enttäuschtes
1777 5243 1901 5278 Gesicht,
1923 5240 1974 5269 als
1998 5237 2039 5272 ich

1151 5295 1215 5330 ihm
1240 5293 1330 5330 sagte»
1355 5289 1395 5325 ich
1421 5287 1502 5321 hätte
1528 5287 1609 5323 diese
1635 5284 1867 5321 Unterhaltung
1892 5277 2039 5314 ungefähr

2070 3988 2100 4023 so
2126 3988 2284 4017 erwatttt.
2327 3984 2386 4021 Ich
2412 3983 2522 4019 glaube
2547 3980 2687 4015 wirNich,
2712 3986 2743 4007 er
2769 3977 2824 4013 hat
2849 3976 2897 4012 sich
2926 3982 2966 4004 an

2069 4027 2190 4056 meiner
2228 4023 2449 4059 Verlegenheit
2485 4022 2550 4051 und
2589 4019 2798 4054 Beschämung
2837 4016 2956 4045 weiden

2070 4065 2212 4095 wollen."

2130 4103 2234 4139 Faber
2258 4102 2442 4131 antwortete
2465 4099 2550 4133 nicht.
2575 4098 2618 4128 Er
2642 4096 2693 4131 saß
2717 4095 2773 4130 still
2798 4095 2856 4122 uni
2880 4092 2967 4121 über¬

2073 4143 2286 4179 geschlagenen
2311 4141 2435 4171 Beinen
2459 4139 2521 4168 und
2545 4136 2721 4170 betrachtete
2745 4132 2826 4169 seine
2851 4131 2968 4166 Hände.

2130 4181 2235 4216 „Nun,
2251 4180 2364 4210 denken
2380 4178 2441 4210 Sie
2457 4178 2556 4207 etwas
2573 4175 2674 4209 Böses
2691 4177 2751 4203 von
2767 4171 2869 4202 mir?"
2888 4171 2967 4205 sagte

2074 4220 2239 4256 Charlotte
2263 4219 2345 4253 leise.

2131 4259 2176 4289 Er
2203 4258 2388 4288 antwortete
2413 4255 2491 4290 nicht
2515 4252 2650 4289 sogleich,
2677 4251 2727 4280 als
2753 4249 2836 4284 hätte
2863 4255 2894 4276 er
2919 4246 2967 4275 die

2074 4298 2178 4332 Frage
2202 4296 2360 4332 überhört.
2393 4295 2438 4324 Er
2462 4297 2527 4323 war
2551 4292 2610 4321 mit
2632 4291 2691 4319 den
2715 4288 2880 4318 Gedanken
2902 4286 2966 4314 und

2074 4336 2334 4372 Empfindungen
2364 4332 2545 4368 beschäftigt,
2575 4331 2623 4360 die
2654 4329 2717 4360 ihm
2746 4327 2846 4361 dieses
2875 4332 2968 4358 unge¬

2073 4375 2254 4411 wöhnliche,
2274 4378 2337 4404 von
2356 4373 2457 4408 jahre-
2477 4373 2548 4400 oder
2566 4367 2861 4404 jahrzehntelangen
2882 4362 2968 4397 Miß¬

2074 4414 2316 4450 verständnissen
2336 4411 2503 4446 bedrängte
2522 4410 2587 4440 und
2608 4408 2675 4441 doch
2697 4407 2726 4442 so
2747 4403 2889 4439 reizvolle
2909 4402 2968 4431 Ge¬

2076 4454 2175 4489 schöpf
2193 4452 2376 4489 hervorrief,
2397 4452 2460 4479 und
2483 4457 2513 4478 er
2534 4448 2627 4484 suchte
2650 4446 2699 4481 sich
2720 4444 2808 4474 eines
2831 4447 2968 4471 warmen

2076 4493 2233 4529 Gefühles
2259 4488 2581 4527 gewohnheitsmäßig
2604 4492 2642 4522 zu
2665 4484 2830 4518 erwehren,
2854 4481 2914 4510 das
2938 4486 2968 4508 er

2078 4532 2130 4561 als
2157 4533 2217 4561 den
2243 4531 2345 4566 Feind
2372 4529 2471 4565 seiner
2496 4526 2636 4557 Sttldicn
2663 4524 2726 4552 und
2754 4521 2852 4557 seiner
2879 4518 2968 4553 Ruhe

2075 4572 2195 4600 kannte.

2135 4610 2215 4646 „Sie
2233 4609 2333 4645 haben
2354 4608 2465 4637 immer
2481 4605 2538 4634 mit
2555 4603 2656 4638 Ihrer
2675 4601 2760 4636 Frau
2778 4598 2901 4629 Mutter
2919 4602 2969 4632 zu¬

2079 4648 2359 4685 sammengelebt?"
2386 4646 2483 4681 fragte
2508 4652 2538 4674 er
2562 4644 2657 4672 dann.

2136 4688 2213 4724 „Ja,
2230 4688 2344 4717 Mama
2364 4685 2481 4719 erträgt
2498 4685 2532 4712 cs
2552 4689 2608 4716 gar
2625 4679 2711 4712 nicht,
2728 4675 2822 4706 allein
2840 4681 2879 4709 zu
2897 4674 2970 4708 sein,

2080 4727 2207 4762 obwohl
2235 4727 2273 4761 sie
2303 4724 2416 4761 gesund
2446 4723 2509 4752 und
2537 4720 2632 4755 rüstig
2661 4718 2707 4753 ist;
2738 4714 2808 4750 auch
2838 4715 2898 4743 das
2927 4719 2970 4742 er¬

2079 4767 2201 4802 schwert
2224 4765 2326 4796 meine
2352 4762 2483 4798 Pläne/

2137 4805 2271 4841 „Welche
2297 4802 2441 4839 Pläne?"

2137 4846 2227 4880 „Das
2266 4843 2300 4878 ist
2336 4842 2412 4871 eben
2450 4841 2480 4876 so
2516 4835 2670 4873 schwierig
2706 4829 2969 4867 auszusprcchen,"

2081 4885 2163 4920 sagte
2190 4883 2362 4919 Charlotte,
2389 4880 2492 4909 indem
2519 4878 2553 4913 ste
2579 4876 2627 4906 die
2654 4873 2759 4908 Hände
2786 4869 2972 4900 ineinander

2080 4923 2187 4958 preßte
2215 4923 2280 4952 und
2308 4924 2365 4949 vor
2393 4919 2444 4954 sich
2472 4916 2589 4953 hinsah.
2637 4911 2762 4947 „Meine
2791 4909 2973 4938 Bekannten

2080 4963 2189 4998 wissen
2213 4961 2306 4996 wohl,
2331 4958 2391 4994 daß
2418 4958 2457 4993 ich
2481 4955 2629 4991 studieren
2655 4949 2775 4985 möchte;
2804 4948 2878 4978 aber
2904 4948 2973 4976 dies

2082 5001 2116 5036 ist
2137 5001 2225 5036 mehr
2246 5007 2307 5029 nur
2328 4999 2382 5028 der
2404 4998 2512 5029 Nanie,
2533 4995 2590 5024 den
2614 4991 2654 5027 ich
2674 4989 2808 5019 meinem
2830 4986 2975 5022 Wunsche

2083 5041 2166 5075 gebe,
2192 5040 2243 5070 als
2270 5039 2317 5069 die
2345 5036 2443 5072 Sache
2470 5033 2576 5070 selbst."

2140 5079 2292 5114 „Können
2315 5077 2376 5107 Sie
2400 5075 2462 5104 mir
2483 5074 2550 5106 das,
2574 5071 2645 5099 was
2668 5066 2728 5097 Sie
2751 5066 2877 5100 wollen,
2899 5065 2976 5095 viel¬

2082 5118 2168 5154 leicht
2199 5115 2432 5152 einigermaßen
2461 5107 2701 5147 umschreiben?"
2734 5106 2832 5141 fragte
2865 5105 2978 5140 Faber.

2138 5158 2201 5189 Sie
2221 5158 2298 5193 sann
2316 5156 2398 5191 nach,
2416 5153 2480 5182 und
2500 5152 2547 5186 ihr
2566 5145 2850 5182 GcsichtSausdruck
2869 5145 2978 5174 wurde

2084 5197 2162 5232 ernst
2184 5197 2249 5226 und
2273 5195 2374 5229 ruhig,
2397 5194 2427 5228 so
2450 5191 2508 5224 daß
2530 5191 2582 5218 der
2605 5186 2693 5219 klare,
2715 5185 2830 5219 strenge
2855 5184 2980 5219 Schnitt

2083 5238 2136 5266 der
2160 5236 2249 5271 Züge
2272 5234 2322 5270 sich
2345 5230 2474 5266 deutlich
2498 5226 2675 5262 ausprägtc.
2700 5225 2800 5260 „Darf
2826 5226 2861 5254 es
2887 5224 2979 5260 lange

2083 5275 2244 5305 dauern?"

3068 3972 3141 4008 „Ich
3163 3972 3238 4007 habe
3260 3971 3317 4000 den
3343 3975 3457 4003 ganzen
3479 3966 3590 3997 Abend
3615 3972 3653 4000 zu
3676 3965 3798 3993 meiner
3821 3963 3898 3993 Ver¬

3011 4012 3153 4049 fügung."

3068 4050 3144 4085 „Oh,
3169 4051 3200 4084 so
3226 4047 3358 4083 schlimm
3384 4046 3419 4079 ist
3445 4047 3480 4073 es
3508 4044 3596 4078 nicht.
3641 4043 3726 4072 Aber
3754 4042 3795 4076 ich
3824 4046 3899 4074 mutz

3010 4092 3108 4119 etwas
3130 4088 3200 4117 weit
3222 4086 3385 4120 ansholen,
3406 4084 3458 4113 bis
3480 4090 3517 4119 zu
3540 4082 3676 4112 meinem
3698 4081 3897 4116 fünfzehnten

3011 4129 3107 4164 Jahr.
3126 4127 3190 4157 Vis
3210 4125 3305 4160 dahin
3327 4124 3402 4159 habe
3425 4123 3465 4156 ich
3487 4121 3551 4151 mir
3571 4121 3705 4154 nämlich
3727 4120 3903 4154 überhaupt

3011 4168 3091 4198 keine
3113 4165 3272 4195 Gedanken
3293 4163 3437 4198 gemacht;
3459 4163 3541 4191 denn
3563 4160 3603 4196 ich
3625 4160 3709 4195 hatte
3731 4159 3790 4190 mit
3811 4158 3902 4193 Hilde

3011 4207 3076 4235 und
3102 4204 3231 4234 meinen!
3257 4202 3382 4233 Bruder
3406 4201 3586 4236 zusammen
3614 4199 3682 4228 eine
3709 4198 3777 4234 sehr
3803 4197 3904 4233 schöne

3012 4243 3196 4278 Kinderzcit.
3225 4243 3301 4275 Max
3321 4241 3398 4276 starb
3419 4241 3504 4269 dann
3524 4238 3732 4273 lungenkrank
3751 4237 3811 4266 mit
3832 4236 3905 4267 acht¬

3012 4284 3086 4319 zehn
3106 4282 3238 4317 Jahren.
3256 4280 3341 4310 Aber
3360 4280 3412 4308 als
3432 4278 3472 4314 ich
3492 4279 3527 4307 in
3547 4279 3602 4307 der
3622 4278 3746 4312 fiinstcn
3766 4276 3907 4311 Töchter-

3012 4322 3171 4358 schnlklassc
3198 4324 3272 4352 war,
3301 4319 3375 4353 ging
3403 4318 3461 4348 mit
3488 4317 3550 4347 mir
3579 4317 3647 4346 eine
3676 4315 3906 4348 Veränderung

3012 4366 3078 4393 vor,
3108 4360 3147 4394 ich
3177 4359 3317 4388 erinnere
3347 4357 3423 4391 ncich
3452 4359 3555 4386 daran
3587 4363 3666 4391 ganz
3698 4362 3811 4389 genau.
3850 4354 3908 4388 Ick,

3012 4401 3118 4429 wurde
3140 4398 3205 4434 Ich,
3227 4397 3280 4433 fast
3302 4401 3365 4426 von
3389 4397 3490 4426 einem
3511 4396 3582 4430 Tag
3604 4401 3677 4430 zum
3700 4395 3830 4423 andern.
3852 4393 3908 4428 Ich

3011 4439 3115 4469 bekam
3133 4439 3164 4472 so
3183 4437 3313 4472 plötzlich
3332 4436 3395 4466 das
3414 4434 3621 4470 Bewußtsein
3639 4434 3764 4463 meines
3786 4433 3911 4467 Einzel-

3013 4477 3253 4512 mcnschcntums
3285 4475 3350 4505 und
3383 4474 3501 4505 meiner
3534 4473 3743 4508 persönlichen
3777 4472 3911 4502 Verant-

3012 4515 3214 4550 worrlichkeit,
3233 4515 3295 4550 daß
3316 4516 3353 4544 es
3373 4514 3448 4549 mich
3468 4514 3566 4549 zuerst
3586 4513 3640 4547 fast
3662 4512 3819 4542 erdrückte.
3841 4512 3911 4541 Das

3013 4556 3114 4587 Leben
3138 4554 3265 4590 erschien
3288 4554 3351 4583 mir
3375 4553 3454 4589 nicht
3476 4553 3564 4586 mehr
3590 4553 3642 4581 als
3668 4553 3769 4581 etwas
3794 4550 3912 4583 Selbst¬

3013 4593 3256 4629 verständliches,
3282 4593 3416 4627 sondern
3442 4592 3503 4621 wie
3530 4592 3639 4627 irgend
3667 4591 3736 4619 eine
3762 4590 3913 4624 Möglicb-

3013 4634 3078 4666 keit,
3103 4633 3152 4663 die
3177 4639 3252 4662 man
3278 4633 3330 4667 für
3355 4631 3430 4667 mich
3458 4636 3688 4665 angenommen
3715 4630 3807 4665 hatte,
3836 4629 3913 4663 ohne

3013 4673 3090 4707 mich
3115 4671 3209 4707 selber
3233 4672 3349 4701 darum
3373 4678 3411 4705 zu
3436 4670 3595 4706 befragen,
3619 4670 3685 4699 und
3710 4669 3770 4698 mit
3794 4670 3850 4698 der
3874 4668 3914 4696 icki

3014 4712 3089 4746 mich
3115 4718 3180 4740 nun
3206 4710 3378 4745 irgendwie
3405 4710 3557 4745 absinden
3581 4709 3698 4742 mußte.
3723 4707 3781 4742 Ich
3807 4708 3915 4736 wurde

3015 4757 3093 4786 ganz
3112 4750 3353 4786 melancholisch;
3373 4750 3464 4785 sogar
3482 4749 3586 4779 meine
3607 4749 3732 4778 Mutter
3750 4747 3861 4775 merkte
3881 4747 3915 4774 es

3014 4790 3080 4819 und
3104 4789 3294 4825 behauptete,
3318 4791 3354 4819 es
3378 4789 3459 4824 seien
3481 4788 3531 4818 die
3553 4787 3668 4822 Jahre,
3691 4786 3740 4816 die
3764 4786 3840 4820 mich
3864 4793 3916 4814 an-

3017 4829 3142 4864 grisfen.
3178 4828 3337 4863 Vielleicht
3362 4827 3398 4863 ist
3423 4830 3459 4859 es
3483 4827 3516 4862 ja
3541 4827 3673 4860 Unsinn,
3698 4825 3761 4859 daß
3787 4824 3829 4859 ich
3855 4825 3917 4853 mir

3017 4868 3092 4904 mich
3117 4868 3212 4903 selber
3235 4868 3312 4904 ohne
3337 4867 3439 4902 dieses
3463 4867 3565 4897 Leben
3589 4867 3702 4895 denken
3726 4866 3818 4899 kann;
3846 4864 3917 4893 aber

3017 4908 3049 4943 so
3067 4910 3168 4937 etwas
3185 4907 3220 4942 ist
3237 4907 3316 4942 nicht
3331 4913 3370 4943 zu
3387 4906 3516 4936 ändern.
3532 4905 3592 4940 Ich
3608 4905 3733 4940 begann
3749 4911 3827 4937 nun,
3843 4903 3917 4936 mich

3018 4947 3155 4977 darüber
3184 4954 3222 4983 zu
3251 4946 3406 4982 besinnen,
3436 4948 3507 4975 was
3537 4945 3577 4980 ich
3608 4946 3671 4973 aus
3702 4944 3797 4978 dieser
3828 4949 3918 4977 ange-

3018 4987 3176 5023 sangcnen
3205 4986 3341 5022 Existenz
3372 4985 3494 5021 machen
3522 4985 3619 5020 sollte.
3656 4982 3715 5018 Ich
3745 4982 3828 5018 hatte
3859 4982 3918 5010 das

3021 5032 3099 5062 ganz
3119 5025 3286 5061 bestimmte
3308 5025 3435 5061 Gefühl,
3455 5024 3516 5059 daß
3537 5027 3572 5053 es
3592 5023 3642 5058 sich
3664 5022 3840 5057 überhaupt
3860 5027 3918 5049 nur

3020 5066 3109 5095 dann
3130 5066 3287 5101 verlohne,
3308 5068 3344 5095 es
3367 5065 3426 5094 mit
3447 5064 3517 5093 dem
3539 5063 3643 5093 Leben
3664 5062 3773 5091 weiter
3794 5067 3832 5095 zu
3854 5063 3919 5088 ver¬

3023 5105 3137 5141 suchen,
3170 5108 3262 5135 wenn
3293 5111 3370 5134 man
3403 5104 3522 5134 daraus
3558 5103 3659 5132 etwas
3694 5101 3820 5134 Ganzes
3856 5100 3918 5127 und

3023 5144 3150 5180 Großes
3176 5145 3241 5174 und
3267 5143 3437 5179 Nützliches
3462 5142 3583 5177 machen
3609 5141 3727 5170 könnte.
3752 5139 3810 5172 Ich
3836 5138 3917 5172 hatte

3023 5185 3099 5220 mich
3121 5184 3154 5213 in
3175 5185 3228 5214 der
3249 5183 3363 5218 Schule
3384 5183 3448 5212 und
3469 5182 3503 5211 in
3523 5181 3649 5210 meinen
3670 5178 3918 5213 Geigenstunden

3025 5224 3076 5260 für
3105 5224 3224 5259 geistige
3252 5223 3316 5252 und
3344 5220 3544 5256 künstlerische
3572 5218 3726 5253 Tätigkeit
3753 5215 3918 5250 bcgeistett,

3025 5264 3090 5293 und
3113 5265 3147 5292 es
3170 5263 3261 5300 schien
3281 5261 3345 5291 mir
3367 5267 3442 5292 nun»
3465 5259 3534 5294 daß,
3551 5262 3648 5288 wenn
3671 5263 3744 5285 man
3767 5255 3818 5290 sich
3841 5259 3917 5288 ganz
