4110 5551
371 172 546 230 567.
579 170 1118 244 Extraausgabe.

1601 165 1690 235 Der
1725 165 1892 237 Zürcher
1927 162 2102 234 Zeitung
2133 162 2234 226 137.
2263 163 2496 237 Jahrgang.

3005 157 3330 227 Sonntag.
3367 155 3442 213 «.
3477 154 3686 226 April
3717 155 3919 221 1616.

3102 259 3158 335 t

354 731 813 768 Abonnementspreise:

992 723 1006 747 i
1091 723 1108 747 s

962 750 1043 778 Moria!
1052 749 1149 779 MlNtttr

245 777 348 811 Zürich
362 782 430 804 Leid.
437 781 634 807 Administration
648 781 683 803 ob.
692 781 782 808 Ablage
800 780 918 810 aSftetjott
933 781 975 810 Fr.
988 783 1034 805 2—
1079 783 1130 804 6.80

359 809 426 834 durch
440 807 476 830 di-
491 807 623 836 Sluiiltüßtt
648 807 692 830 in»
710 807 782 835 HauS
805 808 917 835 gebracht
947 825 958 835 .
987 810 1038 832 250
1079 809 1132 830 6.80

246 835 377 867 Schweiz
396 841 527 867 Bestellung
537 839 598 861 beim
608 839 751 866 Postbureau
778 853 889 861 ..
946 855 959 865 .
987 840 1038 862 260
1079 840 1130 862 6.80
1174 839 1237 861 12.80
1278 839 1308 860 25
1316 847 1343 854 —

400 869 406 889 t
417 868 495 895 Bezug
505 864 693 888 ur.

362 867 406 889 mit
416 868 495 895 Bezug
505 868 572 888 unter
581 865 750 893 Privatadresse
759 865 917 891 (Streilbanb)

245 894 386 925 Ausland
396 901 406 921 r
423 899 572 925 Deutschland

424 925 558 953 Oesterreich

425 951 523 979 Ungarn

928 897 976 919 Mk.
989 897 1039 919 270
1080 896 1131 918 7L0

926 923 967 946 «r.
988 924 1038 944 460
1068 923 1131 945 12.40

797 1046 830 1054 ...
928 1028 983 1050 HM.
991 1029 1039 1050 1.80
1080 1027 1130 1048 3«

848 966 882 1001 I"
931 976 973 1002 Fr.
986 976 1034 997 &-

796 1018 882 1029 .
933 992 959 1026 il.
987 1002 1037 1025 1«

273 1063 412 1095 Frankreich.
423 1062 538 1090 England,
546 1062 655 1085 Amerika
664 1063 703 1085 etc.
718 1060 878 1087 kStreifband)

1173 975 1236 996 1656
1277 974 1342 995 8085

1173 1001 1237 1022 10.06
1277 1000 1343 1021 20.05

1187 1028 1237 1048 6.80
1280 1026 1343 1047 18.20

1462 805 2130 970 sWIMW
2174 803 2746 965 WWWll

3171 742 3606 778 JnsertionSpreise:

3026 779 3074 807 Die
3088 781 3224 810 einspaltige
3237 782 3393 810 NolonelzeUe
3408 782 3461 806 oder
3476 781 3543 804 bereu
3558 782 3637 804 Raum
3651 780 3681 803 LS
3693 779 3748 808 KP.,

3066 808 3105 834 für
3119 808 3233 836 Anzeigen
3254 810 3433 837 auilLndtschen
3454 809 3593 835 Ursprung»
3612 809 3641 831 40
3655 807 3708 834 Sip..

3341 840 3361 844 "
3375 857 3382 863 .
3396 840 3451 864 1.60
3463 843 3504 867 per
3518 839 3590 867 Zeile.

1792 1000 2007 1066 Täglich
2041 998 2080 1046 3
2111 997 2401 1061 Ausgaben

2888 890 3045 920 Redaktion
3059 889 3214 926 (Telephon
3228 893 3296 926 650)
3314 894 3370 922 und
3384 893 3529 923 Druckerei
3542 892 3701 928 (Telephon
3716 890 3820 927 S7S2):

3248 927 3439 963 Falkenstraße
3459 931 3490 957 11
3495 950 3503 958 .

2884 964 3118 1001 Administration
3131 964 3289 1002 (Telephon
3302 969 3390 1003 2060)
3400 967 3456 997 und
3466 968 3640 1003 Expedition
3653 966 3809 1003 (Telephon
3825 965 3875 994 101
3879 964 3950 1000 SS):

3246 1002 3438 1037 Goethestrahe
3460 1006 3503 1032 10.

2884 1040 3217 1076 Annoncen-Abteilung
3237 1041 3391 1076 (Telephon
3405 1043 3505 1076 2534):
3524 1042 3727 1077 Theaterstr.b/
3740 1039 3891 1075 Goethestr.
3904 1040 3950 1067 10.

270 1161 768 1216 Jriedensmöglichketten
787 1161 835 1203 in
856 1162 921 1204 der
939 1159 1114 1214 Weichs-
1157 1176 1161 1223 ^

562 1219 823 1271 kanzlerrede.

429 1285 494 1314 Von
517 1285 573 1314 Dr.
593 1286 641 1314 Al
655 1285 745 1321 fred
763 1285 800 1319 H.
823 1283 958 1319 Fried.

310 1349 361 1387 In
386 1348 493 1382 einem
519 1350 593 1387 Satz
639 1350 694 1381 der
739 1348 901 1386 deutschen
926 1345 1144 1385 Kanzlerrcde

252 1394 330 1432 liegt
353 1395 457 1426 etwas
482 1393 544 1426 wie
568 1394 759 1432 Hoffnung:
790 1393 885 1429 „Das
912 1393 1058 1429 Europa,
1082 1391 1145 1422 das

251 1442 313 1471 aus
336 1437 439 1476 dieser
466 1438 719 1477 ungeheuersten
744 1436 838 1476 Krise
864 1436 1024 1474 entstehen
1050 1434 1145 1470 wird,

251 1482 330 1515 wird
350 1481 386 1514 in
406 1482 514 1515 vielen
534 1482 674 1516 Stücken
694 1483 762 1513 deni
783 1483 875 1513 alten
895 1481 978 1518 nicht
996 1480 1145 1518 gleichen.

252 1527 323 1561 Das
354 1527 528 1565 geflossene
558 1527 643 1560 Blut
676 1526 792 1558 kommt
825 1525 880 1558 nie
910 1525 1028 1563 zurück.
1069 1524 1146 1556 Das

251 1572 382 1603 vertane
406 1571 479 1604 Gut
505 1572 622 1603 kommt
648 1579 712 1602 nur
737 1571 886 1609 langsam
910 1569 1028 1607 zurück.
1074 1567 1146 1601 Wie

251 1618 287 1648 es
303 1615 379 1651 auch
395 1614 461 1652 sein
479 1615 573 1651 wird,
591 1619 627 1646 es
646 1614 724 1652 mutz
742 1614 797 1651 für
816 1615 879 1646 alle
896 1613 1023 1649 Völker,
1038 1612 1092 1645 üie
1110 1615 1146 1643 es

251 1659 435 1696 bewohnen,
465 1659 518 1691 ein
548 1660 682 1698 Europa
713 1657 892 1696 friedlicher
923 1657 1037 1690 Arbeit
1067 1661 1146 1688 wer¬

251 1707 320 1736 den.
358 1704 430 1736 Der
448 1703 576 1743 Friede,
594 1705 650 1736 der
670 1702 774 1740 diesen
794 1702 898 1741 Krieg
918 1702 1058 1735 beenden
1079 1701 1147 1739 soll,

251 1748 329 1786 inutz
353 1754 419 1780 von
443 1749 560 1781 Dauer
585 1747 662 1786 sein,
710 1747 790 1784 nicht
817 1748 877 1779 den
902 1747 998 1780 Keim
1045 1754 1146 1778 neuer

250 1792 379 1830 Kriege,
397 1793 534 1831 sondern
552 1793 608 1825 der
626 1791 839 1830 endgültigen
860 1790 1041 1829 friedlichen
1058 1789 1147 1823 Ocd-

253 1845 342 1875 tiung
366 1838 423 1869 der
443 1836 667 1874 europäischen
689 1835 798 1874 Dinge
823 1835 860 1867 in
882 1835 934 1873 sich
957 1833 1103 1872 tragen."

310 1881 386 1915 Das
407 1880 444 1917 ist
464 1881 498 1918 ja
515 1882 589 1919 das,
609 1883 680 1912 was
700 1881 776 1917 auch
796 1880 846 1912 die
866 1878 1045 1917 Pazifisten
1066 1878 1146 1910 aller

249 1925 376 1959 Länder
404 1925 562 1963 erhoffen.
609 1926 685 1958 Das
731 1924 821 1956 wäre
845 1924 907 1956 dos
933 1924 1146 1962 Programm,

250 1970 310 2007 auf
334 1970 455 2003 Grund
481 1970 586 2007 dessen
612 1970 666 2002 der
692 1968 793 2007 Krieg
831 1968 983 2007 beendigt
1018 1969 1147 2000 wevden

253 2014 376 2048 könnte.
422 2014 523 2047 Denn
549 2013 602 2045 ein
626 2012 753 2052 Friede,
775 2014 833 2045 der
860 2012 940 2049 nicht
966 2015 1025 2044 den
1050 2011 1147 2045 Keim

251 2067 349 2091 neuer
372 2057 493 2096 Kriege
516 2058 552 2090 in
576 2058 631 2096 sich
653 2060 767 2095 tragen
791 2057 858 2094 soll,
882 2058 963 2089 kann
987 2056 1069 2094 nicht
1091 2058 1147 2087 der

250 2103 527 2141 aufgezwungene
548 2102 664 2141 Friede
687 2102 776 2134 eines
796 2101 942 2139 Siegers
965 2101 1040 2138 sein,
1063 2100 1147 2132 kann

252 2145 320 2179 kein
337 2148 420 2180 Volk
434 2148 599 2185 verletzen,
617 2146 728 2179 keinen
740 2146 852 2183 Anlaß
871 2155 910 2184 zu
924 2144 1147 2183 Racheplänen

254 2192 367 2231 geben;
396 2200 432 2223 er
460 2191 516 2228 hat
543 2190 614 2225 eine
642 2190 885 2229 Organisation
913 2199 971 2228 zur
999 2190 1148 2223 Voraus-

254 2237 384 2274 setzung,
407 2235 460 2267 die
481 2235 588 2268 einem
614 2235 706 2273 jeden
728 2234 914 2271 Sicherheit
938 2234 1045 2271 bietet,
1081 2234 1148 2265 und

256 2281 334 2318 stellt
362 2280 457 2318 solche
484 2279 632 2313 Vorteile
663 2278 699 2312 in
729 2279 886 2316 Aussicht,
913 2278 977 2316 daß
1005 2278 1057 2311 die
1089 2277 1149 2309 mit

255 2324 342 2357 einer
374 2324 492 2362 solchen
525 2322 768 2363 Organisation
802 2324 1033 2355 verbundenen
1070 2322 1148 2354 Ein-

254 2368 487 2407 schränkungcn
511 2368 652 2406 reichlich
672 2368 887 2406 ausgewogen
910 2368 1048 2400 werden.
1083 2365 1149 2398 Ein

255 2412 364 2450 solcher
390 2413 509 2452 Friede
554 2412 638 2445 wird
662 2412 736 2449 auch
763 2412 846 2449 nicht
871 2411 971 2444 allein
995 2411 1057 2449 auf
1082 2410 1148 2443 Rü-

256 2458 390 2496 stungen,
407 2457 552 2494 beruhen
571 2457 703 2494 dürfen,
725 2456 862 2494 sondern
884 2457 963 2493 mutz
983 2455 1035 2488 ein
1057 2455 1150 2493 durch

254 2501 414 2540 Verträge
453 2501 757 2540 herausgebildetes
788 2500 957 2538 Ebenmaß
998 2500 1053 2532 der
1081 2499 1151 2532 Rü¬

256 2547 388 2584 stungen
416 2546 657 2584 herbeiführen.
702 2546 798 2578 Das
844 2545 932 2577 wäre
959 2544 1028 2581 „die
1076 2545 1150 2575 end¬

258 2590 380 2629 gültige
423 2590 583 2628 friedliche
623 2590 792 2627 Ordnung
832 2590 888 2621 der
929 2587 1151 2626 europäischen

258 2634 395 2674 Dinge".
442 2635 573 2668 Meinte
617 2637 680 2667 das
705 2637 759 2666 der
782 2633 1037 2671 Reichskanzler,
1082 2638 1152 2664 ver-

260 2679 385 2716 standen
410 2679 467 2717 ihn
512 2679 585 2717 jene
630 2680 672 2716 so,
713 2677 766 2711 die
789 2678 897 2715 diesen
921 2679 1056 2711 Worten
1101 2676 1153 2713 ihr

261 2723 406 2759 „Bravo"
425 2724 596 2762 zuriefen?
613 2722 821 2761 Wennja.
837 2723 955 2754 dann
974 2722 1153 2754 können

260 2765 337 2799 »if
353 2777 544 2806 morgen
564 2767 767 2806 Frieden
788 2767 945 2803 haben.

315 2811 481 2850 Vielleicht
504 2812 586 2851 liegt
607 2813 685 2851 auch
705 2811 739 2843 in
761 2810 870 2849 jenem
890 2810 969 2844 Teil
987 2811 1044 2843 der
1066 2810 1154 2843 Rede

255 2856 356 2890 etwas
373 2856 425 2888 die
440 2857 617 2895 Hoffnung
637 2856 871 2891 Erweckendes,
886 2861 934 2887 wo
954 2856 1006 2887 der
1024 2853 1153 2891 Reichs-

257 2899 383 2938 kanzler
408 2901 463 2938 sich
484 2910 548 2937 „an
574 2900 625 2933 die
650 2900 779 2937 Adresse
804 2899 971 2937 Asquith"
1017 2899 1153 2932 wendet.

254 2943 325 2976 Der
349 2943 596 2984 Reichskanzler
621 2946 721 2984 sagte,
746 2944 895 2981 Asquith
922 2944 1078 2983 verlange
1105 2942 1155 2975 die

257 2987 469 3027 vollständige
490 2989 692 3028 Zerstörung
712 2990 769 3021 der
792 2988 1021 3026 militärischen
1045 2988 1155 3024 Macht

257 3032 443 3069 Preußens.
461 3034 535 3065 Und
555 3044 588 3066 er
607 3034 682 3073 fügt
700 3033 814 3072 hinzu:
835 3034 974 3071 „Gesetzt
992 3034 1052 3065 den
1070 3032 1155 3070 Fall,

259 3076 302 3115 ich
321 3076 444 3115 schlüge
468 3078 614 3115 Asquith
640 3084 708 3114 vor,
731 3078 793 3110 mit
818 3078 882 3110 mir
907 3077 957 3110 die
979 3077 1155 3116 Friedens¬

258 3119 497 3158 möglichkeiten
522 3131 561 3160 zu
585 3123 716 3161 prüfen,
741 3123 809 3154 und
835 3121 980 3160 Asquith
1007 3121 1155 3162 begänne

260 3164 320 3197 mit
346 3165 450 3203 seiner
477 3166 693 3204 endgültigen
719 3169 785 3199 und
814 3166 1049 3205 vollständigen
1077 3165 1156 3203 Zer-

258 3209 390 3248 störung
410 3211 464 3242 der
483 3209 713 3249 militärischen
732 3211 842 3250 Macht
860 3211 1047 3249 Preußens,
1068 3211 1155 3243 dann

259 3254 345 3286 wäre
369 3255 430 3288 das
454 3254 614 3295 Gespräch
638 3255 797 3293 beendigt,
822 3256 898 3292 noch
921 3257 1017 3288 bevor
1039 3258 1074 3287 es
1099 3264 1155 3287 an-

260 3299 452 3338 gefangen."

321 3344 398 3376 Das
418 3343 507 3381 sollte
525 3344 598 3380 doch
613 3344 669 3376 der
686 3343 932 3382 Reichskanzler
949 3354 1014 3377 nur
1031 3344 1159 3379 einmal

262 3387 444 3423 probieren.
483 3388 532 3420 Es
551 3388 588 3425 ist
606 3387 638 3425 ja
658 3387 792 3425 beinahe
814 3388 913 3426 sicher,
932 3389 992 3425 daß
1011 3387 1158 3426 Asquith

264 3431 323 3465 init
345 3431 446 3469 dieser
470 3431 666 3471 Forderung
692 3431 773 3469 nicht
798 3433 898 3467 käme.
943 3433 1028 3466 Täte
1054 3442 1088 3466 er
1113 3435 1158 3468 es,

262 3479 348 3509 dann
377 3477 487 3508 würde
516 3478 572 3509 der
602 3476 713 3509 Orkan
744 3477 800 3508 der
831 3478 1024 3515 Empörung
1058 3486 1158 3516 gegen

263 3519 318 3558 ihn
344 3520 391 3554 im
417 3520 592 3560 englischen
618 3520 702 3555 Volk
725 3520 807 3558 nicht
833 3521 985 3561 geringer
1011 3521 1077 3559 sein
1104 3522 1159 3553 als

263 3565 309 3598 im
335 3565 507 3603 deutschen.
553 3566 630 3599 Das
657 3564 798 3602 Wagnis
825 3565 914 3597 wäre
942 3565 1023 3603 nicht
1061 3566 1157 3605 groß;

263 3610 345 3642 denn
367 3612 414 3643 im
434 3610 655 3648 ungünstigen
675 3609 748 3648 Fall
766 3609 879 3642 würde
899 3610 953 3641 der
973 3613 1068 3641 kuror
1089 3616 1159 3641 ten-

263 3655 394 3686 lonicus
422 3655 533 3688 derart
558 3654 768 3693 aufbrausen,
794 3654 858 3690 daß
887 3664 920 3687 ec
946 3653 997 3687 die
1024 3655 1160 3690 Gegner

262 3707 302 3737 zu
328 3699 420 3732 Tode
447 3699 628 3736 erschrecken
656 3698 778 3734 würde,
808 3699 853 3733 im
884 3697 1055 3735 günstigen
1086 3698 1160 3735 Fall

263 3742 375 3780 hätten
398 3743 461 3776 wir
483 3753 620 3781 morgen
645 3743 740 3777 einen
765 3742 1043 3780 aussichtsreichen
1068 3743 1160 3778 Waf¬

266 3786 485 3825 fenstillstand.
535 3789 582 3821 Es
610 3788 649 3826 ist
675 3787 706 3826 ja
734 3788 813 3823 klar,
840 3787 901 3824 daß
927 3787 1073 3824 Asquith
1101 3796 1160 3825 gar

265 3830 345 3865 nicht
365 3841 410 3864 an
430 3833 491 3864 das
512 3833 614 3869 denkt,
635 3836 706 3865 was
727 3833 782 3865 der
801 3832 946 3870 Kanzler
966 3835 1028 3864 aus
1050 3830 1159 3870 seinen

266 3876 399 3909 Worten
425 3877 541 3915 glaubt
566 3876 760 3912 entnehmen
808 3885 848 3915 zu
894 3877 1027 3909 können.
1074 3875 1159 3908 Kein

265 3920 394 3958 Mensch
417 3920 451 3952 in
477 3922 611 3959 Europa
635 3920 706 3954 will
728 3920 799 3955 eine
826 3920 1057 3959 „vollständige
1082 3919 1160 3958 Zer-

1189 1147 1321 1186 störung
1345 1147 1402 1179 der
1426 1145 1655 1183 militärischen
1681 1146 1787 1182 Macht
1810 1142 2081 1182 Deutschlands".

1189 1193 1295 1225 Wenn
1321 1191 1486 1229 irgendwo
1513 1200 1558 1223 un
1585 1189 1825 1229 Kriegsjargon
1872 1190 1982 1221 davon
2027 1195 2080 1224 ge¬

1189 1236 1333 1274 sprochen
1351 1235 1444 1272 wird,
1465 1233 1567 1266 meint
1586 1243 1664 1266 man
1683 1237 1755 1273 doch
1772 1244 1835 1266 nur
1857 1233 1930 1266 eine
1949 1230 2080 1269 Schwä¬

1189 1280 1288 1318 chung
1314 1279 1405 1317 jenes
1435 1277 1664 1315 militärischen
1692 1279 1872 1316 Einflusses
1920 1277 1982 1314 aus
2030 1274 2081 1307 die

1189 1323 1324 1362 Politik,
1347 1325 1403 1356 der
1429 1322 1479 1356 die
1505 1322 1717 1360 Unsicherheit
1741 1324 1895 1360 Europas
1923 1321 2080 1359 erzeugte.

1190 1370 1296 1402 Wenn
1337 1377 1415 1400 man
1456 1367 1507 1399 bei
1547 1368 1607 1398 den
1649 1368 1804 1405 Gegnern
1841 1364 2081 1402 Deutschlands

1193 1414 1308 1446 immer
1324 1422 1389 1445 mir
1404 1418 1468 1444 von
1485 1411 1589 1448 diesen
1608 1411 1862 1449 Erscheinungen
1882 1411 1918 1443 in
1934 1407 2081 1446 Deutsch¬

1192 1458 1269 1490 land
1299 1456 1409 1495 spricht
1437 1457 1503 1489 und
1532 1455 1585 1487 nie
1614 1461 1676 1487 von
1706 1457 1765 1488 den
1793 1456 1940 1494 eigenen,
1971 1456 2001 1492 so
2031 1461 2082 1492 ge-

1193 1501 1302 1541 schieht
1321 1502 1382 1533 das
1403 1509 1477 1537 nur.
1498 1499 1573 1532 weil
1594 1509 1671 1532 man
1690 1501 1840 1537 während
1864 1500 1921 1531 des
1942 1497 2082 1535 Krieges

1193 1545 1265 1579 eine
1284 1545 1376 1583 solche
1393 1543 1601 1581 Selbstkritik
1619 1543 1700 1582 nicht
1721 1545 1773 1582 für
1790 1542 1984 1583 angebracht
2003 1541 2083 1578 hält.

1192 1590 1255 1629 Im
1272 1590 1410 1624 Grunde
1426 1588 1507 1623 wird
1525 1588 1585 1622 mit
1603 1589 1718 1628 solchen
1736 1588 1964 1622 Redensarten
1983 1585 2083 1623 nichts

2124 1142 2266 1175 anderes
2284 1149 2359 1179 zum
2378 1139 2545 1173 Ausdruck
2565 1137 2707 1177 gebracht
2726 1137 2781 1171 als
2800 1136 2856 1169 der
2877 1135 3020 1174 Wunsch,

2123 1186 2189 1223 daß
2214 1187 2270 1218 der
2299 1184 2443 1223 künftige
2469 1184 2588 1223 Friede
2614 1182 2773 1221 nirgends
2822 1181 2914 1218 mehr
2961 1181 3021 1218 auf

2123 1225 2429 1269 SchlveAerspitzen,
2451 1229 2589 1266 sondern
2610 1226 2702 1263 durch
2718 1225 2772 1258 die
2792 1224 3021 1264 gleichmäßige

2125 1260 2348 1312 Mitwirkung
2375 1274 2500 1305 aller
2527 1272 2588 1309 aus
2614 1270 2704 1304 einer
2733 1269 2870 1307 breiten,
2920 1278 3020 1307 gegen

2127 1317 2333 1355 militärische
2362 1317 2522 1355 Einflüsse
2561 1316 2641 1348 aller
2669 1314 2797 1348 Länder
2838 1313 3020 1353 geschlitzten

2127 1362 2325 1400 Grundlage
2347 1362 2490 1399 errichtet
2509 1361 2638 1393 werden
2663 1359 2727 1398 soll.

2192 1406 2232 1440 Ei
2238 1410 2276 1439 Nb
2295 1406 2388 1444 solche
2408 1406 2620 1443 Aufklärung
2641 1404 2752 1439 würde
2773 1403 2825 1441 sich
2846 1412 2900 1434 am
2922 1403 3022 1440 ersten

2127 1451 2201 1490 Tag
2229 1452 2284 1487 dyr
2311 1451 2592 1488 Verhandlungen
2620 1449 2766 1487 ergeben,
2793 1448 2940 1485 nachdem
2967 1447 3022 1479 der

2128 1489 2372 1533 ReichSknrzler
2394 1504 2436 1527 an
2462 1494 2608 1532 Asquith
2633 1492 2704 1531 jene
2728 1492 2891 1528 erlösende
2916 1491 3022 1530 Frage

2129 1540 2246 1577 richten
2274 1539 2393 1575 würde,
2420 1540 2458 1571 ob
2487 1548 2521 1571 er
2550 1537 2680 1577 geneigt
2707 1536 2759 1575 sei,
2788 1536 2848 1569 mit
2877 1535 2945 1569 ibm
2971 1535 3023 1568 die

2129 1583 2531 1622 Friedensmöglichkeiten
2551 1592 2592 1622 zu
2608 1581 2739 1622 prüfen.

1585 1697 1761 1773 Der
1809 1696 2303 1786 europäische
2353 1695 2629 1785 Krieg.

1258 1816 1364 1856 Wie»,
1394 1818 1424 1850 8.
1457 1815 1564 1853 April.
1609 1817 1755 1853 (Wiener
1795 1814 2084 1852 Korr.-Bureau.)

1195 1862 1335 1900 Amtlich
1369 1861 1450 1894 wird
1491 1861 1681 1899 mitgcteilt:
1721 1860 1980 1899 Russischer
2019 1859 2086 1891 und

1194 1906 1483 1945 südöstlicher
1522 1905 1825 1943 Kriegsschauplatz:
1868 1904 1984 1942 Nichts
2022 1910 2086 1935 von

1194 1952 1382 1989 besonderer
1401 1950 1608 1988 Bedeutung.

1257 1993 1599 2034 Italienischer
1618 1994 1923 2032 Kriegsschauplatz:
1945 1993 2015 2030 Auf
2033 1993 2086 2025 der

1194 2039 1375 2079 Hochfläche
1406 2045 1471 2072 von
1504 2039 1537 2072 D
1550 2048 1567 2070 o
1581 2040 1599 2070 b
1612 2048 1627 2070 e
1641 2048 1656 2070 r
1670 2041 1687 2070 d
1701 2048 1717 2071 o
1751 2042 1860 2073 wurde
1891 2039 1949 2070 der
1984 2036 2085 2076 Feind

1196 2087 1291 2122 heute
1312 2084 1399 2121 nacht
1419 2086 1484 2116 aus
1506 2082 1635 2121 einigen
1658 2083 1923 2122 vorgctriebencn
1946 2083 2086 2119 Sappen

1195 2128 1389 2161 vertrieben.
1423 2128 1507 2164 Auch
1531 2127 1644 2165 südlich
1669 2130 1723 2160 des
1746 2129 1785 2160 M
1800 2138 1815 2159 r
1827 2137 1842 2165 z
1856 2127 1867 2158 l
1882 2126 1892 2159 i
1904 2133 1923 2159 v
1936 2136 1954 2158 r
1967 2127 1986 2163 h
2009 2125 2086 2162 nah-

1196 2183 1271 2205 men
1299 2174 1413 2210 unsere
1441 2173 1603 2209 Truppen
1631 2171 1706 2204 eine
1732 2172 1896 2210 feindliche
1926 2171 2087 2208 Stellung

1196 2219 1264 2250 und
1287 2218 1431 2255 brachten
1455 2216 1547 2249 dabei
1570 2217 1610 2248 43
1632 2217 1821 2255 Gefangene
1846 2218 1912 2248 und
1936 2215 1989 2247 ein
2011 2216 2087 2247 Ma-

1197 2262 1447 2300 schinengewehr
1474 2260 1537 2293 ein.
1575 2262 1627 2293 An
1656 2263 1710 2293 der
1735 2261 1866 2293 Tiroler
1893 2260 2001 2298 Front
2027 2268 2086 2291 un¬

1197 2306 1330 2343 terhielt
1355 2305 1406 2340 die
1435 2304 1629 2343 italienische
1658 2304 1824 2340 Artillerie
1855 2304 1888 2337 in
1921 2304 2086 2341 mehreren

1197 2350 1411 2388 Abschnitten,
1436 2358 1519 2389 ganz
1546 2349 1717 2386 besonders
1744 2350 1816 2381 aber
1846 2358 1947 2387 gegen
1975 2348 2088 2386 unsere

1198 2395 1400 2433 Stellungen
1444 2393 1576 2431 westlich
1619 2399 1682 2425 von
1713 2394 1807 2430 Riva,
1851 2393 1903 2426 ein
1949 2392 2088 2431 heftiges

1197 2439 1313 2479 Feuer.
1354 2439 1437 2472 Eine
1469 2436 1633 2476 feindliche
1666 2438 1853 2476 Abteilung,
1883 2437 1936 2470 die
1970 2437 2022 2475 sich
2052 2436 2087 2469 in

1198 2483 1288 2517 einer
1310 2483 1442 2520 unserer
1462 2483 1604 2520 Sappen
1627 2492 1681 2515 am
1706 2482 1887 2520 Südhange
1909 2482 1967 2514 des
1990 2482 2087 2514 Rec-

1198 2529 1227 2566 ch
1240 2538 1255 2560 e
1268 2530 1282 2561 t
1293 2530 1306 2561 t
1317 2538 1336 2560 a
1360 2528 1521 2566 festgesetzt
1547 2527 1644 2564 hatte,
1668 2527 1776 2558 wurde
1800 2526 1890 2563 durch
1915 2527 2088 2564 Gcgenan-

1199 2572 1283 2611 griff
1304 2572 1499 2605 vertrieben.
1530 2570 1597 2604 Die
1618 2571 1706 2609 Zahl
1728 2572 1781 2603 der
1804 2571 1854 2603 bei
1875 2571 1933 2603 der
1957 2570 2087 2603 Säube-

1199 2627 1286 2657 rung
1311 2619 1366 2650 des
1392 2616 1584 2653 Rauchkofls
1610 2615 1847 2653 eingebrachten
1873 2615 2089 2652 Gesangenen

1200 2662 1313 2699 erhöht
1340 2661 1394 2699 sich
1418 2661 1478 2698 auf
1504 2660 1572 2693 drei
1598 2659 1760 2697 Offiziere
1787 2662 1851 2692 und
1881 2659 1941 2689 löst
1968 2660 2089 2691 Mann.

1200 2707 1272 2740 Alle
1299 2707 1424 2738 andern
1449 2707 1524 2737 dort
1553 2704 1765 2742 kämpfenden
1791 2703 1961 2742 Italiener
1991 2703 2089 2741 fielen

1200 2750 1245 2783 im
1266 2750 1528 2789 Handgemenge.

1264 2795 1399 2832 Gestern
1443 2793 1527 2826 beim
1559 2794 1827 2831 Morgengrauen
1872 2792 1995 2830 griffen
2027 2792 2091 2825 Ge¬

1202 2839 1353 2877 schwader
1383 2838 1446 2871 von
1476 2838 1623 2870 Land-
1655 2839 1741 2869 und
1770 2836 2090 2873 Sceflugzeu-

1201 2893 1220 2923 g
1233 2893 1250 2915 e
1264 2893 1285 2916 n
1303 2882 1352 2916 die
1373 2882 1545 2920 Bahnhöfe
1563 2887 1628 2915 von
1648 2882 1786 2918 Casarea
1807 2883 1872 2914 und
1891 2881 1971 2914 San
1992 2880 2090 2913 Gior-

1201 2927 1255 2966 gio
1277 2928 1310 2960 di
1332 2929 1464 2966 Nogare
1487 2926 1547 2959 mit
1568 2926 1706 2962 deutlich
1726 2926 1952 2958 erkennbarem
1975 2925 2089 2962 Erfolg

1203 2982 1257 3005 an.
1297 2973 1371 3006 Don
1403 2974 1465 3005 den
1497 2971 1621 3008 kühnen
1654 2970 1817 3009 Fliegern,
1850 2968 1900 3001 die
1932 2969 1988 3008 sich
2017 2978 2090 3006 zum

1202 3018 1441 3055 Bombenwurf
1461 3015 1519 3054 ttcf
1539 3014 1814 3054 hinunterließcn,
1835 3014 1902 3051 sind
1924 3013 1990 3045 drei
2012 3013 2093 3051 nicht

1202 3061 1448 3100 zurückgekehrt.
1808 3059 1930 3097 (Gez.),
1938 3057 2050 3096 Höfer.

1200 3133 1696 3185 Dentsch-franzöfischer
1707 3131 2093 3181 Kriegsschauplatz

1267 3206 1383 3245 Paris,
1403 3207 1432 3238 8.
1457 3204 1564 3243 April.
1600 3205 1756 3243 (Havas.)
1789 3202 1942 3239 Anitlichc
1964 3201 2093 3235 Mittei-

1204 3253 1286 3290 lung
1305 3258 1369 3284 von
1387 3251 1406 3283 3
1425 3251 1494 3286 Uhr
1514 3249 1746 3287 nachmittags:
1766 3249 1816 3286 In
1837 3250 1896 3280 den
1915 3248 2090 3284 Argonnen

1203 3296 1455 3333 Minenkämpfe
1472 3293 1522 3327 bei
1541 3295 1569 3333 F
1582 3294 1593 3326 i
1607 3294 1618 3326 l
1632 3294 1644 3326 l
1657 3304 1672 3326 e
1690 3295 1731 3326 M
1745 3303 1761 3325 o
1775 3302 1790 3324 r
1803 3295 1815 3325 t
1827 3302 1852 3328 e,
1872 3298 1919 3324 wo
1938 3290 1999 3323 wir
2016 3289 2093 3328 zwei

1204 3340 1434 3378 Gegenminen
1463 3339 1523 3372 mit
1551 3339 1670 3377 Erfolg
1700 3337 1849 3375 springen
1879 3336 1994 3372 ließen.
2032 3334 2094 3367 Bei

1205 3386 1316 3422 Punkt
1340 3386 1402 3417 285
1429 3384 1532 3421 haben
1558 3384 1621 3415 wir
1648 3385 1708 3415 den
1735 3381 1895 3415 Südrand
1923 3382 1978 3412 des
2005 3379 2095 3416 durch

1206 3430 1256 3462 die
1279 3429 1450 3467 Explosion
1472 3427 1562 3460 einer
1585 3427 1746 3464 deutschen
1768 3426 1864 3459 Mine
1886 3425 2093 3462 hervorgeru-

1206 3475 1301 3512 fcnen
1317 3473 1483 3511 Trichters
1502 3473 1614 3510 beseht.
1644 3471 1784 3508 Westlich
1802 3473 1855 3504 der
1873 3470 1976 3502 Maas
1995 3468 2095 3504 haben

1205 3518 1257 3551 die
1275 3519 1451 3556 Deutschen
1473 3517 1516 3549 im
1536 3517 1640 3554 Laufe
1663 3517 1716 3548 der
1736 3516 1832 3548 Nacht
1855 3513 1925 3551 ihre
1944 3512 2095 3551 Angriffe

1207 3572 1307 3602 gegen
1336 3563 1450 3600 unsere
1476 3561 1680 3599 Stellungen
1710 3560 1823 3599 südlich
1851 3559 1916 3591 und
1944 3566 1997 3589 am
2024 3557 2095 3593 Ost¬

1206 3612 1378 3647 ausgange
1400 3606 1464 3643 von
1486 3606 1731 3643 Haucourt
1753 3604 1911 3637 erneuert.
1946 3601 2012 3638 Auf
2033 3600 2095 3633 die¬

1207 3654 1270 3687 sem
1297 3652 1408 3689 Punkt
1436 3651 1491 3688 hat
1518 3651 1572 3683 der
1601 3648 1706 3687 Feind
1734 3651 1804 3686 trotz
1833 3646 1939 3686 seinen
1968 3645 2096 3678 wieder-

1207 3697 1317 3733 holten
1345 3696 1619 3733 Anstrengungen
1659 3697 1726 3726 uns
1762 3693 1843 3729 nicht
1880 3694 1943 3723 aus
1982 3690 2096 3726 nnsern

1205 3740 1327 3774 Linien
1351 3739 1534 3773 vertreiben
1560 3739 1698 3774 können,
1722 3744 1786 3770 von
1808 3738 1912 3769 denen
1936 3734 1989 3767 ein
2013 3734 2096 3766 mör-

1208 3784 1359 3822 derischcs
1388 3785 1494 3824 Feuer
1520 3783 1680 3821 ausging,
1710 3784 1768 3814 das
1799 3782 1866 3819 ihm
1896 3779 1990 3818 große
2019 3779 2097 3811 Der-

1207 3829 1287 3866 lustc
1310 3829 1454 3867 zufügte.
1488 3827 1680 3864 Südlich
1704 3832 1765 3858 von
1788 3825 1958 3863 Haucourt
1983 3823 2097 3861 gelang

1207 3877 1243 3905 es
1267 3875 1325 3905 den
1344 3872 1531 3910 Deutschen,
1553 3871 1588 3903 in
1609 3871 1688 3910 zwei
1711 3870 1852 3904 kleinern
1874 3868 2005 3902 Werken
2025 3866 2098 3905 Fuß

1206 3926 1247 3955 zu
1267 3918 1377 3956 fassen,
1394 3917 1444 3952 die
1464 3915 1609 3955 zwischen
1627 3917 1797 3954 Haucourt
1817 3914 1882 3946 und
1904 3914 1973 3946 dem
1992 3911 2099 3949 Punkt

2129 1814 2192 1845 287
2217 1813 2337 1851 liegen,
2362 1814 2419 1845 den
2441 1813 2504 1845 wir
2528 1813 2633 1851 besetzt
2658 1811 2780 1849 halten.
2812 1809 3027 1848 Südlvestlich

2131 1865 2195 1890 von
2221 1857 2438 1894 Bethincourt
2464 1859 2599 1892 dauerte
2621 1857 2677 1889 der
2701 1856 2826 1893 Kampf
2853 1856 2915 1888 mit
2940 1856 3026 1888 Gra¬

2133 1904 2233 1935 naten
2268 1900 2302 1933 in
2336 1902 2393 1934 den
2426 1900 2791 1939 Verbindungsgräben
2825 1901 2892 1931 und
2927 1899 3027 1937 längs

2131 1949 2187 1979 der
2211 1946 2342 1983 Straße
2366 1945 2841 1982 Böthincourt-Chattoncourt
2869 1944 2935 1981 fort
2962 1944 3027 1976 und

2132 1991 2256 2029 brachte
2294 1994 2360 2021 uns
2388 1990 2494 2028 einige
2522 1989 2668 2023 Vorteile
2697 1988 2761 2021 ein.
2808 1987 2948 2026 Oestlich
2973 1988 3029 2020 der

2132 2036 2238 2068 Maas
2277 2034 2449 2075 zeitweilig
2491 2034 2709 2072 aussetzendcs
2750 2033 3029 2066 Bombardement

2132 2089 2235 2118 gegen
2259 2079 2372 2116 unsere
2393 2079 2608 2117 Stellungen.
2645 2076 2707 2111 Ein
2733 2076 2917 2114 feindlicher
2941 2077 3029 2110 Gra-

2132 2123 2367 2161 natcnangriff
2389 2124 2448 2160 auf
2472 2123 2568 2155 einen
2594 2122 2725 2160 unserer
2750 2121 3029 2160 Schützengräben

2132 2168 2277 2207 nördlich
2294 2169 2350 2199 der
2366 2168 2481 2204 Kuppe
2499 2169 2557 2199 des
2575 2167 2676 2205 Forts
2694 2166 2790 2203 Vaux
2806 2168 2918 2197 wurde
2936 2165 3032 2201 durch

2133 2213 2231 2250 unser
2248 2211 2354 2251 Feuer
2370 2211 2602 2250 abgeschlagen.
2619 2210 2671 2249 In
2688 2212 2742 2242 der
2759 2211 2897 2244 Woövre
2913 2209 3031 2247 ruhige

2133 2257 2244 2294 Nacht.
2283 2256 2336 2294 In
2364 2257 2422 2288 den
2450 2257 2595 2293 Vogesen
2624 2255 2734 2287 wurde
2763 2255 2834 2287 eine
2864 2253 3030 2291 feindliche

2134 2299 2552 2339 Aufklärungsabteilung,
2578 2300 2628 2335 die
2655 2299 2820 2336 versuchte,
2848 2298 2943 2331 einen
2970 2307 3029 2330 un¬

2135 2346 2219 2383 serer
2246 2344 2370 2377 kleinen
2394 2344 2512 2382 Posten
2537 2353 2593 2377 am
2615 2343 2892 2382 Langenfeldkopf
2916 2342 3033 2380 südlich

2134 2396 2199 2422 von
2228 2389 2440 2425 Sondernach
2469 2398 2508 2427 zu
2540 2388 2687 2426 nehmen,
2715 2387 2811 2425 durch
2840 2387 2936 2425 unser
2967 2388 3030 2421 Ge-

2134 2434 2318 2472 wehrfeucr
2345 2433 2506 2471 zerstreut.

2198 2491 2316 2535 Paris,
2338 2495 2367 2528 9.
2390 2494 2498 2531 April.
2532 2493 2687 2533 (Havas.)
2723 2492 2878 2530 Amtliche
2900 2492 3032 2525 Mittel-

2136 2540 2220 2581 lung
2248 2547 2324 2572 vom
2353 2540 2382 2572 8.
2412 2539 2522 2576 April,
2552 2538 2674 2571 abends
2707 2538 2743 2568 11
2776 2538 2855 2574 Uhr.
2894 2536 3035 2574 Südlich

2136 2588 2191 2617 der
2212 2586 2301 2617 Avre
2321 2584 2467 2622 zerstörte
2487 2584 2691 2621 Sperrfeuer
2711 2583 2843 2619 unserer
2865 2581 3035 2614 Artillerie

2136 2629 2187 2661 die
2208 2628 2330 2661 Mühle
2350 2633 2412 2660 von
2435 2629 2492 2661 St.
2514 2627 2636 2664 Aurin,
2658 2633 2704 2658 wo
2729 2627 2783 2664 sich
2803 2626 2855 2659 ein
2877 2626 3033 2663 Beobach¬

2136 2673 2353 2711 tungsposten
2383 2673 2509 2710 befand,
2542 2673 2607 2704 und
2638 2671 2720 2709 schoß
2751 2670 2918 2708 feindliche
2948 2670 3035 2704 Grä-

2136 2719 2198 2749 ben
2226 2716 2367 2754 nördlich
2393 2722 2457 2749 von
2485 2716 2717 2754 Beuvraigncs
2746 2716 2942 2753 zusammen.
2982 2715 3034 2753 In

2136 2763 2192 2794 der
2221 2762 2446 2799 Champagne,
2474 2761 2509 2793 in
2539 2762 2595 2793 der
2623 2760 2756 2798 Gegend
2787 2766 2850 2792 von
2880 2760 3034 2791 Navarin

2136 2806 2332 2838 erwiderten
2358 2806 2420 2837 wir
2444 2806 2541 2842 durch
2566 2804 2769 2842 Sperrfeuer
2796 2804 2856 2840 auf
2884 2803 2937 2836 ein
2964 2804 3033 2841 sehr

2137 2850 2279 2888 heftiges
2306 2850 2594 2885 Bombardement,
2618 2850 2677 2881 das
2701 2847 2797 2880 einen
2822 2848 2962 2886 Angriff
2987 2857 3035 2880 er-

2137 2897 2264 2927 warten
2291 2893 2366 2931 ließ.
2399 2895 2470 2927 Der
2494 2893 2598 2932 Feind
2625 2892 2703 2932 ging
2729 2892 2810 2930 nicht
2834 2897 2900 2925 aus
2927 2892 3035 2930 seinen

2137 2939 2415 2977 Schützengräben
2438 2939 2571 2974 heraus.
2604 2938 2655 2977 In
2678 2939 2736 2969 den
2759 2939 2939 2975 Argonnen
2963 2937 3035 2969 kon¬

2138 2983 2328 3021 zentrisches
2353 2983 2458 3022 Feuer
2484 2984 2545 3020 auf
2571 2982 2619 3015 die
2647 2981 2835 3020 feindlichen
2863 2981 3036 3014 Batterien

2140 3028 2186 3060 im
2209 3027 2295 3061 Bois
2320 3028 2354 3059 de
2376 3028 2519 3065 Cheppy,
2543 3028 2576 3059 in
2601 3028 2655 3059 der
2676 3028 2809 3064 Gegend
2832 3032 2897 3058 von
2921 3027 3036 3059 Mont-

2140 3072 2503 3106 faucon-Malancourt.
2538 3071 2590 3109 In
2614 3072 2667 3104 der
2690 3071 2824 3109 Gegend
2847 3071 2911 3103 von
2935 3071 3037 3103 Der-

2139 3117 2227 3149 dun
2266 3117 2336 3149 kein
2372 3117 2590 3148 bedeutendes
2626 3115 2784 3154 Ereignis
2823 3124 2861 3153 zu
2898 3115 3037 3152 melden,

2139 3161 2244 3198 außer
2272 3160 2362 3193 einer
2389 3160 2532 3198 ziemlich
2558 3160 2699 3199 heftigen
2729 3159 2947 3198 Beschießung
2976 3168 3036 3192 un¬

2139 3206 2224 3244 serer
2246 3205 2352 3245 Front
2373 3204 2728 3242 Böthincourt-
2751 3204 2977 3242 Mort-Ho
2991 3212 3037 3235 m-

2141 3249 2535 3283 me-Cumiöres.
2588 3249 2639 3287 In
2668 3249 2730 3281 den
2760 3249 2904 3286 Vogesen
2939 3249 3038 3286 große

2138 3294 2310 3327 Tätigkeit
2335 3295 2464 3331 unserer
2487 3293 2658 3327 Artillerie
2683 3293 2727 3325 im
2750 3293 2834 3326 Tale
2860 3293 2914 3325 der
2937 3292 3038 3331 Fecht.

2204 3338 2469 3376 Belgisches
2496 3336 2757 3376 Communiquö:
2786 3338 2937 3376 Richigcr
2963 3338 3039 3376 Tag

2141 3384 2202 3421 auf
2225 3385 2281 3417 der
2306 3382 2476 3422 belgischen
2501 3383 2617 3422 Front.

2196 3439 2256 3468 Ein
2306 3439 2490 3471 französische
2541 3437 2736 3471 Prchstimme
2786 3437 2858 3464 über
2908 3437 3041 3464 Verdun.

2139 3478 2285 3511 Paris.
2308 3480 2335 3507 8.
2358 3478 2453 3512 April,
2474 3489 2515 3512 ag
2539 3478 2594 3512 Im
2620 3477 2706 3511 „Echo
2730 3477 2762 3505 de
2784 3476 2898 3509 Paris"
2924 3477 3041 3511 schreibt

2141 3519 2259 3547 Marcel
2281 3518 2379 3552 Hutin
2400 3518 2473 3546 über
2495 3518 2542 3546 die
2563 3516 2691 3551 Schlacht
2711 3522 2767 3544 von
2789 3517 2928 3545 Verdun:
2953 3515 3041 3550 Wäh¬

2141 3559 2213 3586 rend
2235 3559 2288 3586 des
2309 3565 2421 3592 ganzen
2443 3557 2589 3592 gestrigen
2609 3557 2707 3590 Tages
2729 3557 2851 3584 dauerte
2873 3556 2929 3584 das
2951 3555 3042 3583 Bom-

2140 3598 2317 3626 bardeemnt
2349 3597 2470 3632 unseres
2502 3597 2711 3631 Vorsprunges
2772 3595 2828 3623 von
2859 3595 3042 3629 Bethin-

2140 3645 2152 3664 c
2164 3645 2181 3664 o
2192 3645 2212 3665 u
2226 3645 2240 3665 r
2252 3638 2264 3665 t
2290 3636 2377 3670 sowie
2426 3637 2551 3670 unserer
2578 3635 2759 3670 Stellungen
2811 3635 2857 3663 bei
2885 3635 2941 3663 den
2968 3634 3042 3663 Ort¬

2141 3676 2266 3711 schaften
2295 3677 2394 3705 Esncs
2421 3677 2481 3704 und
2509 3675 2692 3710 Monhevillc
2720 3675 2789 3709 fort,
2814 3677 2881 3702 was
2908 3674 2970 3702 klar
2996 3673 3043 3702 die

2142 3716 2289 3750 Richtung
2316 3716 2365 3744 der
2392 3715 2522 3749 nächstett
2550 3715 2690 3750 Angriffe
2717 3713 2834 3748 anzeigt
2863 3715 2924 3741 und
2953 3714 3042 3747 ihnen

2141 3756 2197 3783 den
2221 3755 2386 3789 Charakter
2409 3757 2460 3783 der
2484 3754 2721 3789 Ueberraschung
2746 3754 2866 3781 nimmt.
2890 3753 3044 3788 Offenbar

2142 3794 2204 3828 sind
2224 3795 2333 3828 unsere
2351 3794 2462 3828 Poilus
2481 3800 2540 3822 von
2558 3794 2753 3827 Bethincourt
2772 3793 2803 3820 in
2825 3792 2908 3821 einer
2927 3792 3044 3827 gefähr¬

2143 3834 2233 3867 lichen
2249 3834 2340 3868 Lage,
2355 3835 2414 3862 und
2430 3842 2501 3862 man
2519 3834 2593 3868 mutz
2610 3832 2657 3867 sich
2674 3832 2784 3867 darauf
2799 3832 2901 3866 gefotzt
2919 3832 3045 3865 machen,

2143 3874 2201 3908 daß
2222 3874 2323 3907 ihnen,
2345 3874 2379 3901 da
2399 3874 2479 3908 jeder
2500 3873 2680 3907 Heldenmut
2701 3872 2780 3906 seine
2799 3871 2920 3906 Grenze
2941 3871 2973 3899 in
2994 3872 3046 3899 der

2143 3912 2326 3948 Nützlichkeit
2353 3914 2403 3941 des
2429 3913 2546 3949 Opfers
2575 3913 2679 3947 findet,
2705 3912 2757 3939 der
2784 3911 2890 3946 Befehl
2917 3911 3044 3946 gegeben

3062 1132 3148 1164 wird,
3175 1131 3271 1166 diesen
3300 1132 3398 1166 Punkt
3425 1140 3460 1167 zu
3490 1132 3672 1164 räumen,
3726 1133 3776 1161 der
3803 1130 3862 1160 mit
3891 1131 3957 1163 noch

3071 1172 3211 1207 größerer
3240 1171 3397 1207 Heftigkeit
3425 1172 3472 1199 als
3500 1171 3600 1204 Punkt
3627 1173 3681 1199 295
3712 1171 3958 1206 (Mort-Hommv

3065 1211 3128 1239 dem
3150 1211 3335 1246 Kreuzfeuer
3356 1212 3406 1239 des
3428 1210 3557 1245 Feindes
3580 1212 3736 1245 ausgefeht
3759 1211 3802 1242 ist.

3138 1268 3443 1320 Italienischer
3472 1269 3880 1320 Kriegsschanplatz.

3128 1335 3227 1374 Rom,
3246 1336 3275 1367 8.
3296 1335 3403 1373 April,
3435 1347 3476 1372 ag
3508 1336 3696 1373 (Amtlicher
3716 1335 3958 1375 Kriegsberichl

3067 1380 3129 1413 Nr.
3151 1380 3224 1417 318,
3246 1385 3320 1412 vom
3342 1380 3372 1411 8.
3395 1379 3503 1417 Slpril,
3524 1381 3649 1412 abends
3671 1382 3690 1412 6
3713 1381 3807 1418 Uhr.)
3842 1380 3957 1417 Längs

3075 1425 3128 1456 der
3154 1433 3279 1463 ganzen
3305 1424 3408 1462 Front
3433 1424 3599 1461 Tätigkeit
3625 1427 3678 1456 der
3703 1425 3872 1459 Artillerie
3897 1426 3962 1456 und

3075 1468 3193 1502 kleiner
3220 1469 3453 1506 Abteilungen.
3488 1468 3540 1507 In
3567 1469 3621 1500 der
3646 1470 3777 1507 Gegend
3804 1471 3862 1502 des
3888 1468 3961 1501 Cri-

3070 1513 3157 1550 stallo
3186 1512 3418 1551 konzentrierte
3445 1514 3499 1544 der
3526 1513 3628 1550 Feind
3654 1515 3714 1545 das
3742 1513 3845 1551 Feuer
3873 1512 3959 1551 zahl-

3070 1557 3184 1594 reicher
3206 1557 3381 1590 Batterien
3402 1556 3492 1595 jeden
3518 1556 3674 1589 Kalibers
3699 1566 3796 1595 gegen
3822 1556 3873 1589 die
3896 1565 3958 1589 von

3072 1606 3138 1633 uns
3173 1602 3233 1639 auf
3268 1601 3338 1633 dem
3371 1601 3401 1634 R
3411 1610 3430 1633 a
3443 1610 3464 1632 u
3478 1600 3505 1637 ch
3520 1601 3534 1632 k
3546 1610 3564 1632 o
3578 1601 3591 1637 f
3603 1601 3616 1633 l
3649 1601 3779 1639 kürzlich
3813 1602 3958 1639 besetzten

3070 1645 3287 1684 Stellungen.
3319 1646 3383 1680 Um
3406 1645 3518 1682 unsere
3543 1645 3700 1682 Truppen
3724 1645 3805 1683 nicht
3829 1645 3961 1678 unnöti¬

3073 1698 3133 1728 gen
3155 1690 3327 1727 Verlusten
3349 1690 3558 1728 auszusctzen,
3578 1690 3689 1722 wurde
3709 1691 3764 1722 der
3784 1690 3961 1728 vorgescho¬

3075 1734 3151 1765 bene
3183 1734 3319 1766 Graben
3350 1734 3386 1765 in
3417 1735 3511 1772 guter
3542 1734 3709 1772 Ordnung
3742 1733 3963 1772 geräumt.

3073 1777 3125 1816 In
3152 1778 3303 1811 Karnien
3331 1779 3440 1810 wurde
3469 1778 3521 1810 ein
3551 1778 3672 1810 kleiner
3697 1778 3836 1817 Angriff
3864 1787 3963 1817 gegen

3077 1822 3136 1853 den
3164 1822 3285 1860 großen
3312 1822 3378 1859 Pal
3404 1821 3702 1861 zurllckgeschlagen.
3740 1823 3859 1859 Unsere
3883 1824 3964 1855 Bat¬

3077 1866 3181 1898 terien
3211 1867 3402 1904 zerstreuten
3434 1867 3494 1903 aus
3524 1867 3593 1898 dem
3627 1866 3749 1903 Marsch
3780 1865 3965 1904 bcfindlichc

3076 1910 3252 1943 Kolonnen
3271 1911 3328 1943 des
3350 1910 3543 1944 Valentina-
3566 1911 3631 1942 und
3654 1911 3709 1942 des
3730 1912 3965 1948 Kronhoftales

3074 1954 3199 1992 (Gail).
3237 1955 3306 1991 Auf
3332 1956 3401 1988 dem
3425 1954 3554 1988 Vodine
3579 1955 3713 1991 (Monte
3739 1956 3842 1992 Nero)
3871 1955 3961 1988 über¬

3075 1997 3132 2036 fiel
3158 2000 3213 2030 der
3240 1999 3372 2037 Gegner
3398 1999 3466 2032 eine
3493 2000 3625 2034 unserer
3648 2000 3821 2032 Lünetten.
3857 1999 3964 2037 Durch

3076 2041 3172 2075 einen
3206 2041 3472 2081 unverzi'iglichcn
3507 2043 3752 2082 Gegenangriff
3784 2044 3896 2075 wurde
3929 2052 3962 2075 er

3076 2087 3110 2119 in
3132 2088 3339 2125 Unordnung
3358 2087 3647 2126 zurückgcschlagen
3670 2089 3734 2120 und
3756 2087 3821 2125 ließ
3841 2088 3881 2119 76
3902 2089 3964 2121 Ge¬

3076 2131 3225 2168 fangene,
3246 2133 3403 2164 darunter
3422 2131 3499 2171 zwei
3521 2131 3682 2170 Offiziere
3702 2132 3795 2170 sowie
3816 2131 3868 2165 ein
3889 2133 3965 2164 Ma-

3076 2175 3328 2212 schinengewehr
3354 2176 3388 2208 in
3416 2176 3547 2212 unserer
3572 2176 3680 2213 Hand.
3714 2176 3778 2215 Im
3805 2176 3967 2214 Abschnitt

3077 2225 3140 2251 von
3165 2220 3295 2253 Blobna
3321 2220 3497 2258 (mittlerer
3521 2220 3660 2258 Jsonzo)
3684 2221 3795 2252 wurde
3820 2220 3872 2253 ein
3896 2225 3966 2252 vor-

3078 2263 3278 2302 geschobener
3317 2264 3499 2302 feindlicher
3526 2265 3644 2302 Posten
3684 2264 3864 2303 umzingelt
3902 2265 3966 2296 und

3079 2308 3241 2346 gefangen
3266 2317 3466 2347 genommen.
3630 2309 3737 2347 (Gez.)
3762 2310 3928 2342 Cadorna.

3130 2363 3218 2395 Rom,
3242 2364 3268 2392 8.
3293 2364 3388 2398 Aprilt
3413 2364 3574 2398 (Stefani.)
3599 2364 3664 2392 Der
3687 2363 3791 2398 Feind,
3817 2365 3866 2392 der
3892 2371 3967 2391 nun¬

3076 2403 3158 2436 mehr
3177 2404 3272 2431 daran
3290 2404 3478 2438 verzweifelt,
3493 2411 3531 2437 zu
3550 2403 3671 2437 Wasser,
3687 2411 3723 2438 zu
3740 2404 3841 2432 Lande
3859 2404 3920 2431 und
3938 2403 3969 2431 in

3076 2443 3126 2470 der
3147 2442 3219 2477 Lust
3241 2443 3306 2476 noch
3329 2444 3448 2478 Erfolge
3468 2444 3718 2477 davonzutragen,
3737 2443 3788 2476 hat
3809 2443 3971 2477 begonnen,

3076 2481 3112 2509 M
3123 2490 3142 2509 a
3153 2489 3174 2509 n
3185 2482 3195 2509 i
3207 2482 3220 2515 f
3231 2490 3246 2510 e
3257 2483 3278 2515 st
3290 2490 3304 2510 e
3320 2483 3353 2510 in
3370 2483 3476 2517 unsere
3491 2482 3600 2510 Linien
3617 2490 3654 2516 zu
3670 2482 3792 2517 werfen,
3810 2489 3861 2509 um
3878 2482 3970 2515 phan¬

3076 2521 3200 2555 tastische
3224 2522 3345 2556 Erfolge
3367 2521 3564 2556 mitzuteilen,
3585 2525 3650 2549 was
3673 2522 3818 2555 natürlich
3842 2529 3901 2549 nur
3925 2522 3970 2549 die

3076 2559 3239 2594 Heiterkeit
3266 2561 3390 2595 unserer
3417 2561 3560 2594 Truppen
3590 2563 3696 2595 erregt.
3754 2561 3849 2589 Eines
3879 2561 3972 2593 dieser

3079 2599 3242 2634 Manifeste
3264 2600 3378 2634 enthält
3399 2599 3468 2635 zwei
3490 2600 3605 2628 Karten
3629 2601 3678 2628 der
3700 2600 3891 2635 Kriegszone.
3913 2600 3972 2628 Die

3077 2639 3148 2671 erste
3166 2639 3242 2673 zeigt
3261 2639 3293 2666 in
3313 2642 3391 2667 roter
3409 2639 3506 2674 Farbe
3524 2648 3575 2670 an,
3592 2643 3657 2667 was
3675 2639 3794 2673 Italien
3815 2639 3898 2672 durch
3917 2640 3971 2667 den

3077 2684 3133 2707 von
3155 2678 3333 2712 Oesterreich
3356 2679 3397 2707 im
3417 2678 3503 2711 April
3527 2679 3598 2706 ISIS
3620 2680 3822 2713 angebotenen
3843 2679 3972 2713 Vertrag

3077 2718 3195 2751 erlangt
3223 2718 3317 2750 haben
3346 2718 3453 2748 würde,
3508 2718 3555 2746 die
3582 2718 3684 2753 zweite
3714 2719 3785 2752 stellt
3816 2719 3878 2748 dar,
3907 2721 3971 2745 was

3080 2756 3201 2790 Italien
3226 2757 3293 2789 nach
3317 2765 3397 2785 neun
3419 2757 3673 2790 KriegSmonaten
3697 2758 3839 2786 eroberte.
3862 2757 3974 2784 Natür¬

3077 2796 3128 2829 lich
3152 2796 3216 2830 gibt
3242 2796 3291 2831 sich
3315 2797 3365 2824 der
3391 2796 3520 2829 Urheber
3546 2797 3597 2824 des
3623 2796 3803 2831 Manifestes
3830 2795 3886 2824 den
3913 2796 3972 2824 An¬

3079 2833 3179 2868 schein,
3199 2835 3251 2863 als
3274 2835 3309 2863 ob
3333 2835 3393 2869 ihm
3416 2834 3463 2865 ein
3487 2835 3594 2870 großer
3617 2835 3685 2864 Teil
3709 2835 3832 2870 unserer
3856 2835 3973 2870 tatsäch¬

3081 2873 3171 2908 lichen
3196 2874 3409 2909 Eroberungen
3455 2873 3626 2903 unbekannt
3649 2875 3699 2908 sei.
3742 2874 3886 2909 Indessen
3910 2875 3976 2909 darf

3081 2921 3151 2941 man
3172 2914 3254 2948 selbst
3274 2914 3306 2942 in
3326 2914 3498 2948 Anbetracht
3518 2916 3568 2942 der
3588 2920 3655 2942 vom
3675 2914 3785 2948 Feinde
3807 2915 3839 2942 in
3859 2914 3974 2948 beschei¬

3077 2953 3172 2981 denen
3198 2953 3340 2987 Grenzen
3366 2953 3557 2988 angezeigtcn
3585 2954 3707 2987 Erfolge
3735 2954 3791 2981 mit
3819 2952 3886 2988 Fug
3913 2954 3973 2980 und

3081 2992 3166 3025 Recht
3186 2992 3302 3027 fragen,
3324 2993 3408 3027 wieso
3430 2993 3476 3020 die
3496 2993 3714 3026 österreichische
3736 2993 3975 3027 Heeresleitung,

3078 3031 3124 3059 die
3142 3035 3203 3060 uns
3223 3032 3383 3066 immerhin
3400 3032 3474 3066 nicht
3492 3032 3732 3067 unbeträchtliche
3750 3033 3872 3067 Erfolge
3889 3040 3973 3067 zugc-

3080 3071 3159 3105 steht,
3185 3071 3294 3100 immer
3321 3072 3428 3100 wieder
3481 3079 3517 3105 zu
3546 3073 3594 3099 der
3622 3072 3745 3104 dreisten
3774 3071 3974 3106 Behauptung

3078 3110 3266 3145 zurückkehrt,
3287 3111 3332 3139 die
3351 3110 3528 3145 italienische
3548 3110 3702 3145 Offensive
3723 3111 3796 3145 stehe
3817 3110 3883 3144 nach
3902 3110 3973 3144 zehn

3079 3149 3333 3184 Kriegsmonaten
3357 3150 3462 3179 immer
3486 3150 3552 3183 noch
3575 3151 3631 3184 auf
3653 3151 3703 3178 der
3726 3150 3824 3182 Linie,
3846 3156 3900 3178 von
3925 3151 3974 3180 der

3079 3189 3116 3223 sie
3136 3189 3180 3218 bei
3200 3189 3320 3224 Beginn
3339 3191 3388 3218 der
3405 3189 3668 3224 Feindseligkeiten
3687 3190 3828 3224 auSging.

3248 3256 3808 3308 Balkankriegsschauplatz.

3141 3322 3186 3355 In
3214 3323 3364 3356 Elbaflan.
3411 3323 3490 3357 (Auö
3516 3322 3615 3351 einem
3642 3323 3840 3358 bulgarischen
3867 3322 3980 3357 Briese,

3078 3362 3281 3398 Mitteilung.)
3329 3363 3385 3397 Im
3410 3362 3573 3392 herrlichen
3602 3363 3693 3391 Grün
3723 3363 3775 3391 des
3805 3362 3974 3397 Schkumbi-

3084 3403 3162 3431 tales
3183 3403 3290 3431 breitet
3311 3402 3358 3436 sich
3380 3403 3454 3438 diese
3476 3402 3637 3437 albanische
3659 3402 3751 3431 Stadt
3770 3407 3839 3430 aus.
3861 3402 3921 3430 Sie
3941 3402 3973 3436 ist

3085 3442 3131 3470 die
3153 3442 3247 3471 Stadt
3269 3442 3319 3470 der
3340 3440 3507 3476 Zypressen,
3528 3442 3577 3470 der
3600 3441 3710 3470 Oliven
3735 3443 3794 3469 und
3817 3440 3976 3476 Orangen-

3083 3480 3203 3509 wäldcr.
3227 3481 3292 3509 Von
3316 3481 3436 3515 unserer
3459 3481 3605 3515 Stellung
3627 3484 3696 3511 aus,
3716 3481 3771 3515 auf
3793 3481 3857 3509 dem
3878 3479 3976 3514 Berge

3083 3520 3193 3552 Babia,
3211 3520 3336 3548 konnten
3355 3520 3409 3548 wir
3430 3519 3472 3547 im
3491 3519 3611 3554 dichten,
3629 3519 3784 3553 herrlichen
3806 3519 3896 3549 Grün
3917 3527 3975 3547 nur

3086 3559 3219 3593 einzelne
3247 3559 3338 3593 weitze
3366 3559 3479 3593 Flecken
3527 3560 3681 3593 gewahren
3726 3573 3763 3577 —
3810 3557 3854 3586 die
3884 3558 3976 3588 alten,

3086 3598 3200 3633 weißen
3222 3598 3346 3633 Häuser.
3367 3598 3426 3627 Die
3447 3597 3593 3626 Albanrer
3614 3598 3761 3632 erzählten
3784 3600 3845 3625 uns
3868 3597 3897 3630 so
3919 3597 3976 3625 viel

3087 3637 3218 3671 Schönes
3239 3642 3294 3665 von
3313 3637 3404 3672 dieser
3415 3637 3518 3667 Stadt,
3539 3637 3594 3671 daß
3606 3637 3661 3665 wir
3672 3636 3834 3670 Sehnsucht
3855 3637 3977 3666 darnach

3086 3677 3235 3707 bekamen,
3258 3678 3317 3704 und
3342 3680 3402 3704 unü
3426 3677 3477 3704 der
3499 3676 3608 3706 Babia,
3650 3676 3704 3710 auf
3746 3677 3811 3704 dem
3835 3674 3891 3702 wir
3915 3675 3975 3703 drei

3088 3715 3214 3743 Monate
3236 3715 3306 3750 laug
3325 3716 3455 3749 hausten,
3475 3720 3531 3742 von
3552 3715 3616 3749 Tag
3634 3723 3671 3749 zu
3691 3716 3756 3749 Tag
3776 3714 3978 3747 unbequemer

3088 3755 3213 3782 vorkam.
3255 3754 3322 3782 Wir
3345 3755 3463 3789 sehnten
3506 3758 3567 3781 uns
3610 3754 3678 3788 nach
3701 3753 3783 3782 einer
3807 3753 3978 3787 bewohnten

3088 3793 3245 3828 Ortschaft,
3270 3793 3338 3827 nach
3365 3793 3446 3822 einer
3473 3793 3581 3824 Ebene,
3608 3792 3675 3827 tiach
3701 3793 3799 3821 einem
3824 3792 3891 3821 Tal.
3918 3792 3980 3827 Auf

3089 3833 3152 3860 dem
3177 3832 3275 3860 Babia
3300 3832 3401 3865 hatten
3427 3831 3482 3861 wir
3506 3832 3560 3860 den
3586 3832 3685 3866 letzten
3709 3831 3821 3867 Kampf
3846 3831 3901 3859 mit
3926 3831 3979 3859 den

3090 3871 3224 3903 Serben;
3250 3872 3314 3899 dort
3340 3872 3469 3900 erlebten
3494 3871 3532 3904 sie
3557 3870 3619 3904 ihre
3644 3872 3721 3905 letzte
3745 3872 3835 3906 große
3859 3869 3980 3899 Nieder¬

3091 3911 3165 3945 lage.
3181 3910 3250 3939 DaS
3268 3915 3332 3938 war
3349 3918 3398 3939 am
3414 3911 3458 3937 21.
3477 3910 3641 3944 Dezember
3661 3911 3739 3937 1915.

533 4025 903 4096 Jeuillelon.

263 4152 521 4185 vanderveldes
533 4156 797 4193 Erinnerungen
813 4164 857 4187 an
871 4158 925 4188 die
938 4156 1168 4194 Yserschlacktt.

324 4210 365 4238 ki.
387 4210 722 4250 Kriegserinnerungen
746 4215 900 4250 belgischer
923 4214 1168 4245 Staatsmänner

272 4249 331 4275 und
353 4249 549 4283 Diplomaten
575 4253 671 4287 stehen
696 4255 913 4289 augenblicklich
937 4255 970 4283 in
994 4254 1168 4290 Frankreich

271 4289 331 4316 und
356 4289 495 4323 England
521 4291 583 4325 hoch
608 4292 650 4320 im
677 4293 770 4325 Kurs,
795 4297 857 4323 und
882 4295 912 4329 so
936 4295 986 4328 hat
1012 4295 1061 4329 sich
1087 4293 1168 4328 kürz¬

270 4327 320 4361 lich
342 4328 412 4361 auch
435 4329 485 4357 der
509 4330 650 4359 bekannte
675 4332 817 4367 Minister
842 4335 939 4363 Emile
964 4334 1169 4363 Vandervelde

270 4374 323 4401 zur
362 4368 638 4405 Veröffentlichung
680 4371 763 4400 eines
806 4373 1168 4409 McmoirenbruchstückeS

271 4407 463 4441 entschlosien,
486 4408 542 4436 das
567 4409 615 4443 sich
641 4410 697 4438 mit
721 4411 821 4445 seinen
848 4413 1033 4448 Erlebnissen
1061 4413 1092 4441 in
1118 4413 1169 4441 der

270 4446 454 4481 Vserschlacht
474 4448 650 4483 beschäftigt.
671 4449 713 4478 ES
733 4451 872 4485 erscheint
893 4453 924 4481 in
944 4454 994 4481 der
1013 4452 1169 4482 Londoner

271 4486 496 4522 Monatsschrift
523 4489 727 4518 „Nineteentli
753 4491 891 4526 Century
916 4496 974 4522 anck
999 4492 1108 4522 alter".

325 4526 380 4554 Als
399 4526 603 4556 Vandervelde
623 4536 673 4556 am
696 4529 737 4556 15.
757 4529 888 4559 Oktober
905 4538 963 4560 von
981 4531 1169 4564 Dünkirchen

272 4566 337 4600 nach
367 4566 489 4600 Furnes
520 4567 600 4601 fuhr,
629 4573 674 4595 wo
704 4568 751 4601 sich
783 4569 838 4596 das
870 4571 1022 4606 königliche
1053 4571 1169 4606 Haupt¬

270 4606 406 4639 quartier
433 4607 550 4641 befand,
578 4609 615 4634 da
644 4612 768 4640 gewann
796 4617 830 4637 er
858 4611 913 4638 den
943 4610 1093 4641 Eindruck,
1120 4612 1170 4638 als

272 4645 310 4680 sei
335 4649 368 4674 es
393 4646 449 4674 mit
474 4647 525 4674 der
551 4646 747 4681 Ncrvcnkraft
773 4648 824 4676 der
850 4650 1006 4684 belgischen
1030 4650 1170 4680 Bevölke¬

272 4693 357 4721 rung.
379 4686 431 4714 des
452 4686 611 4721 belgischen
634 4686 746 4720 Heeres
769 4695 805 4721 zu
830 4689 922 4717 Ende.
945 4690 1022 4724 Zum
1045 4690 1168 4725 Zurück-

272 4726 281 4742 r
284 4733 353 4759 eflen
384 4726 436 4754 des
468 4726 574 4761 Weges
607 4725 740 4759 brauchte
773 4726 835 4760 sein
867 4729 1062 4765 Kraftwage»
1096 4730 1170 4758 volle

273 4765 339 4799 zwei
363 4765 517 4797 Stunden,
538 4766 652 4794 obwohl
674 4765 860 4800 Dünkirchen
884 4774 939 4796 von
964 4768 1086 4804 Furnes
1111 4777 1170 4797 nur

278 4805 401 4840 gvanzig
420 4805 585 4834 Kilometer
605 4805 736 4840 entfernt
756 4805 804 4838 ist;
826 4806 964 4842 Straßen
984 4810 1044 4837 und
1063 4808 1171 4845 Felder

270 4851 369 4873 waren
398 4845 455 4873 mit
482 4845 688 4880 Flüchtlingen
718 4845 832 4876 bedeckt,
861 4846 906 4874 die
936 4848 983 4883 sich
1014 4850 1075 4877 und
1105 4848 1169 4882 ihre

270 4883 387 4917 liebsten
417 4884 606 4920 Besitztümer
637 4884 703 4918 nach
733 4884 908 4920 Frankreich
940 4887 971 4914 in
1003 4887 1170 4922 Sicherheit

271 4923 419 4958 brachten;
443 4925 520 4959 Wohl
542 4925 646 4956 60,000
670 4924 825 4958 Menschen
848 4933 939 4960 zogen
963 4927 998 4954 da
1022 4927 1172 4962 erschöpft,

272 4963 334 4990 dem
362 4963 664 4999 Zusammenbrechen
696 4964 779 4997 nahe,
810 4972 849 4991 an
879 4966 943 4992 dem
974 4966 1087 5000 Wagen
1118 4968 1171 4994 des

272 5003 425 5037 belgischen
447 5004 607 5039 Ministers
628 5003 765 5033 vorüber.
785 5004 862 5032 Was
881 5005 935 5033 den
958 5005 1075 5039 düstern
1097 5006 1170 5034 Ein¬

272 5042 347 5069 druck
365 5043 417 5071 des
432 5043 539 5072 Bildes
557 5044 700 5079 steigerte.
716 5049 819 5072 waren
837 5044 994 5078 zahlreiche
1012 5045 1172 5077 Soldaten,

272 5080 326 5111 die,
351 5088 412 5109 aus
438 5083 619 5118 Antwerpen
649 5083 802 5119 flüchtend,
831 5084 970 5119 teilweise
997 5085 1172 5120 waffenlos,

273 5121 327 5155 fast
347 5122 422 5155 ohne
445 5123 863 5159 Ausrüstungsgegenstände,
885 5124 931 5152 die
954 5124 991 5157 sie
1016 5123 1172 5158 rücksichts¬

274 5163 319 5188 los
339 5161 371 5189 in
391 5162 446 5190 den
467 5163 720 5199 Straßengraben
740 5164 933 5199 geschleudert
954 5164 1065 5196 hatten,
1086 5163 1173 5192 über¬

274 5199 384 5236 nächtig
409 5203 468 5230 und
493 5203 680 5238 disziplinlos
704 5204 753 5232 der
778 5204 898 5239 Grenze
922 5204 1087 5239 zustrebtcn
1111 5205 1174 5232 und

274 5239 337 5267 dort
371 5242 425 5276 erst
459 5243 543 5276 durch
577 5243 763 5279 französische
797 5244 993 5273 Gendarmen
1026 5251 1083 5278 zur
1114 5243 1173 5272 Be¬

275 5278 400 5316 sinnung
428 5283 560 5317 gebracht
589 5286 706 5312 werden
736 5284 872 5318 mutzten.
901 5284 961 5313 Die
989 5284 1174 5316 Stimmung

276 5317 308 5346 in
333 5318 456 5353 Furnes
481 5322 630 5357 entsprach
656 5324 721 5351 dem
748 5323 857 5354 Elend,
882 5323 938 5351 das
965 5324 1015 5358 sich
1040 5324 1098 5354 auf
1122 5324 1176 5351 der

1208 4014 1304 4049 Fahrt
1326 4013 1445 4042 entrollt
1467 4013 1560 4045 hatte:
1583 4012 1639 4045 auf
1660 4012 1724 4040 dem
1747 4009 1920 4043 Marktplatz
1940 4009 1990 4035 des
2010 4006 2104 4034 Ortes

1212 4054 1275 4088 traf
1307 4052 1511 4082 Vandervelde
1543 4052 1599 4080 den
1631 4051 1782 4084 Brüsseler
1815 4046 2102 4082 Grotzindustriellen

1209 4093 1292 4126 Paul
1319 4093 1461 4126 Lippens,
1487 4092 1536 4120 der
1564 4091 1617 4126 seit
1645 4090 1796 4123 Ausbruch
1824 4090 1876 4117 des
1904 4087 2026 4120 Krieges
2054 4086 2103 4112 als

1210 4132 1410 4167 Freiwilliger
1445 4133 1510 4160 dem
1545 4130 1704 4166 belgischen
1740 4129 1815 4163 Heer
1852 4126 2009 4161 angehörte
2045 4125 2104 4152 und

1212 4180 1293 4200 neun
1315 4172 1441 4200 Monate
1463 4170 1559 4206 später
1579 4170 1642 4205 fiel.
1663 4170 1792 4203 Lippens
1812 4174 1877 4196 war
1898 4165 2021 4201 gänzlich
2043 4166 2104 4192 ent¬

1212 4212 1322 4247 mutigt
1342 4212 1402 4239 und
1427 4210 1485 4245 rief
1506 4210 1710 4238 Vandervelde
1733 4207 1898 4243 schneidend
1919 4213 1970 4239 zu:
1994 4204 2105 4234 „Wenn

1212 4252 1301 4286 unser
1330 4251 1407 4285 Heer
1437 4251 1469 4278 in
1501 4249 1611 4283 seinem
1642 4248 1759 4283 jetzigen
1789 4246 1921 4281 Zustand
1952 4244 2015 4276 auch
2047 4251 2105 4270 nur

1211 4291 1284 4325 zwei
1308 4291 1390 4325 Tage
1415 4289 1600 4323 Widerstand
1625 4288 1727 4321 leistet,
1752 4287 1780 4321 so
1805 4287 1872 4321 geht
1897 4289 1929 4313 es
1955 4283 2024 4316 nicht
2051 4282 2105 4309 mit

1213 4331 1324 4366 rechten
1351 4330 1473 4365 Dingen
1502 4328 1572 4363 zu!"
1621 4328 1682 4356 De
1713 4327 1867 4361 folgenden
1898 4325 1979 4358 Tage
2006 4329 2105 4350 waren

1213 4371 1264 4404 fttr
1287 4370 1333 4399 die
1355 4370 1498 4404 Truppen
1520 4367 1615 4400 Könip
1661 4367 1782 4394 Alberts
1807 4368 1897 4393 unter
1921 4363 2014 4397 diesen
2037 4362 2121 4389 llm*j

1212 4410 1332 4444 ständen
1351 4410 1397 4438 die
1414 4408 1570 4442 härtesten,
1587 4407 1634 4435 die
1653 4406 1690 4439 sie
1710 4406 1751 4433 im
1768 4404 1927 4438 Weltkrieg
1944 4402 2120 4435 überhaupt!

1212 4450 1358 4484 durchlebt
1382 4449 1486 4482 haben.
1510 4447 1572 4475 Der
1599 4446 1718 4479 Verlust
1744 4450 1799 4474 von
1825 4445 2004 4475 Antwerpen
2028 4442 2121 4475 hatte'

1213 4490 1277 4518 ihre
1301 4489 1404 4517 Moral
1430 4486 1642 4521 untergraben,
1667 4485 1714 4518 ihr
1739 4485 1896 4519 Zutrauen
1921 4482 1954 4510 in
1979 4481 2023 4510 die
2046 4480 2106 4514 Zu-

1213 4529 1297 4564 kunft
1328 4528 1509 4562 erschüttert;
1541 4526 1625 4554 dabei
1659 4525 1790 4560 versagte
1821 4524 1868 4552 die
1900 4522 2107 4555 Intendantur

1213 4569 1351 4604 gänzlich.
1375 4565 1610 4602 Verstärkungen
1637 4570 1694 4593 von
1722 4562 1923 4599 französischer
1949 4561 2014 4589 oder
2040 4566 2107 4593 eng-

1214 4608 1312 4642 lischer
1335 4608 1423 4636 Seite
1447 4606 1563 4634 blieben
1587 4609 1658 4636 aus,
1681 4606 1741 4632 und
1765 4604 1794 4639 so
1818 4603 1908 4638 schien
1932 4601 1997 4629 eine
2020 4596 2107 4633 gänz¬

1213 4648 1282 4682 liche
1296 4647 1567 4682 Zerschmetterung
1584 4652 1644 4672 nur
1661 4644 1727 4672 eine
1743 4644 1841 4678 Frage
1855 4643 1907 4670 der
1923 4640 1996 4674 Zeit.
2012 4639 2106 4667 Wenn

1213 4688 1380 4720 überhaupt
1409 4686 1594 4719 Widerstand
1622 4684 1752 4718 geleistet
1780 4684 1892 4712 wurde,
1922 4680 1950 4714 so
1979 4681 2025 4712 lag
2053 4679 2108 4706 das

1214 4727 1246 4755 in
1275 4727 1324 4755 der
1350 4725 1510 4760 strategisch
1536 4724 1692 4759 günstigen
1720 4723 1872 4756 Stellung,
1899 4720 1945 4748 die
1970 4720 2021 4746 das
2049 4718 2108 4745 bei-

1213 4767 1300 4802 gische
1324 4766 1401 4800 Heer
1424 4764 1558 4799 zwischen
1582 4763 1768 4798 Dixmuidcn
1793 4763 1852 4790 und
1876 4759 2020 4792 Rieuport
2044 4757 2108 4789 hin-

1215 4814 1260 4835 ker
1286 4809 1349 4834 dem
1378 4805 1537 4841 Userkanal
1564 4804 1791 4837 eiugeiiommen
1819 4802 1915 4834 hatte;
1945 4799 2013 4826 aber
2041 4796 2109 4830 auch

1214 4846 1290 4881 diese
1317 4846 1460 4879 Stellung
1486 4844 1602 4877 begann
1631 4843 1662 4870 in
1690 4845 1740 4871 der
1764 4842 1852 4871 Nacht
1879 4846 1946 4867 vout
1972 4838 2015 4865 22.
2041 4844 2108 4870 zum

1214 4887 1260 4914 23.
1284 4885 1411 4914 Oktober
1434 4891 1470 4919 zu
1494 4883 1627 4914 wanken,
1650 4884 1700 4910 als
1724 4882 1848 4916 deutsche
1872 4880 2011 4912 Truppen
2036 4876 2109 4905 Ter-

1214 4928 1299 4954 vaete
1322 4925 1500 4960 erstürmten
1522 4924 1585 4950 und
1606 4923 1664 4951 den
1685 4922 1859 4955 Uebergang
1882 4918 1938 4952 auf
1959 4918 2011 4945 das
2034 4914 2109 4944 linke

1215 4965 1357 5000 Userufer
1384 4970 1567 4999 erzwangen.

1273 5005 1355 5033 Alles
1398 5004 1488 5038 schien
1529 5004 1678 5033 verloren,
1721 5001 1768 5028 als
1811 5007 1861 5028 am
1906 4997 2017 5030 Mittag
2059 4995 2111 5022 des

1215 5045 1261 5072 23.
1285 5044 1412 5073 Oktober
1437 5043 1486 5072 ein
1511 5042 1669 5077 englisches
1694 5040 1880 5074 Geschwader
1905 5043 1957 5066 vor
1980 5038 2028 5064 der
2052 5034 2111 5062 bel¬

1216 5085 1325 5119 gischen
1347 5083 1435 5117 Küste
1459 5082 1582 5116 erschien
1606 5081 1668 5108 und
1692 5080 1737 5107 die
1759 5078 1908 5114 deutschen
1932 5075 2110 5108 Stellungen

1216 5126 1306 5152 unter
1335 5123 1433 5158 Feuer
1464 5123 1563 5155 nahm.
1613 5119 1815 5148 Vandervelde
1848 5117 1956 5152 befand
1986 5115 2031 5149 sich
2062 5114 2111 5141 da¬

1217 5165 1297 5191 mals
1329 5163 1434 5197 gerade
1467 5161 1499 5190 in
1530 5161 1689 5194 Rieuport.
1721 5158 1780 5186 und
1812 5164 1894 5192 zwar
1927 5156 2024 5190 hinter
2057 5155 2111 5182 den

1216 5203 1373 5238 belgischen
1409 5200 1643 5234 Feldbatterien,
1678 5199 1722 5227 die
1759 5198 1857 5231 hinter
1895 5196 2002 5230 dichten
2038 5193 2112 5222 Ver¬

1216 5244 1314 5277 hauen
1339 5248 1395 5269 von
1422 5240 1538 5275 grünen
1564 5239 1705 5273 Zweigen
1730 5237 1866 5272 versteckt,
1891 5236 1941 5263 der
1968 5233 2111 5268 deutschen

1217 5281 1369 5310 Artillerie
1391 5281 1605 5313 antworteten;
1629 5283 1662 5307 es
1685 5284 1748 5306 war
1769 5275 1939 5305 erdrückend
1961 5274 2040 5309 heiß;
2063 5273 2112 5301 ein

1215 5322 1286 5350 Teil
1310 5323 1362 5349 der
1386 5317 1767 5353 Bedienungsmannschaft
1793 5317 1875 5350 hatte
1900 5315 1951 5349 sich
1978 5313 2112 5349 schlafen¬

2145 4007 2252 4041 gelegt,
2281 4006 2320 4040 aß
2350 4007 2417 4034 oder
2446 4005 2568 4040 rasierte
2598 4006 2656 4039 sich.
2702 4004 2767 4033 Der
2797 4004 2939 4038 Minister
2968 4004 3047 4037 hatte

2147 4046 2189 4073 im
2220 4045 2549 4081 Offiziersunterstand
2580 4045 2646 4073 eine
2675 4044 2760 4078 Tasse
2791 4043 2897 4078 Kaffee
2929 4051 3047 4078 genom-

2147 4092 2216 4113 men
2241 4086 2303 4113 und
2329 4087 2388 4113 trat
2412 4093 2476 4113 nun
2501 4085 2554 4112 ins
2578 4084 2675 4119 Freie.
2699 4084 2781 4113 „Der
2803 4083 3047 4118 Geschützdonner

2147 4129 2212 4152 war
2232 4125 2378 4159 lebhafter
2397 4125 2563 4158 geworden,
2582 4126 2643 4152 und
2661 4124 2709 4151 als
2730 4123 2949 4158 unerfahrener
2968 4122 3047 4150 Neu¬

2149 4164 2215 4198 ling
2236 4164 2374 4198 bemühte
2395 4164 2433 4198 ich
2457 4165 2538 4198 mich,
2561 4166 2651 4192 unter
2671 4163 2726 4191 den
2747 4163 2982 4192 Detonationen,
3004 4162 3049 4189 die

2150 4211 2202 4231 um
2225 4207 2287 4231 uns
2311 4204 2413 4236 herum
2436 4204 2627 4237 stattfauden.
2651 4203 2703 4231 daö
2728 4202 2852 4230 trockene
2873 4201 2976 4230 Gebell
3000 4201 3049 4229 der

2149 4242 2382 4277 Feldartillerie,
2412 4244 2466 4272 den
2499 4243 2592 4277 tiefen
2622 4242 2690 4276 Baß
2720 4242 2771 4270 der
2802 4241 2920 4275 Mörser
2951 4240 3050 4273 hinter

2150 4286 2223 4313 uns.
2255 4282 2345 4311 deren
2377 4282 2522 4317 Geschosse
2554 4283 2625 4310 über
2658 4281 2763 4316 unsere
2795 4281 2889 4314 Köpfe
2922 4279 3049 4313 hinweg¬

2149 4321 2281 4356 sausten,
2312 4322 2366 4350 das
2398 4323 2529 4356 Krachen
2565 4322 2615 4350 der
2650 4320 2840 4354 Schrapnells
2875 4327 2911 4354 zu
2947 4321 3049 4347 unter¬

2150 4361 2287 4395 scheiden,
2323 4362 2409 4390 deren
2445 4361 2582 4397 gelbliche
2617 4360 2791 4394 Rauchbälle
2828 4363 2888 4386 uns
2924 4366 2964 4386 an
3001 4364 3050 4386 ein

2149 4400 2327 4434 Feuerwerk
2352 4409 2400 4429 am
2425 4401 2577 4434 hellichten
2603 4402 2684 4434 Tage
2708 4401 2892 4427 erinnerten.
2918 4397 3050 4432 Plötzlich

2151 4440 2230 4474 setzte
2251 4440 2283 4468 in
2305 4442 2355 4469 der
2374 4440 2472 4475 Ferne
2492 4441 2663 4475 dumpferer
2684 4439 2810 4467 Donner
2831 4439 2895 4471 ein;
2918 4437 2975 4465 wie
2996 4438 3051 4465 das

2149 4480 2279 4508 Brüllen
2308 4480 2392 4509 eines
2419 4480 2528 4508 Löwen
2557 4479 2641 4514 klang
2669 4482 2711 4510 es,
2739 4479 2788 4506 der
2816 4478 2895 4512 seine
2925 4478 3050 4511 lungen-

2149 4519 2323 4553 schwächern
2343 4520 2488 4554 Genossen
2509 4519 2663 4549 übertönt:
2684 4519 2812 4546 drunten
2831 4522 2884 4544 vor
2903 4516 3051 4550 Rieuport

2150 4563 2255 4587 tvarcn
2276 4560 2332 4594 auf
2353 4560 2401 4588 der
2423 4560 2550 4593 ruhigen
2571 4559 2633 4587 See
2655 4557 2791 4592 englische
2810 4556 2924 4591 Schiffe
2944 4556 3052 4589 heran,

2150 4599 2313 4634 gedampft,
2331 4599 2376 4627 die
2392 4599 2448 4627 das
2465 4599 2565 4632 Feuer
2581 4606 2671 4633 gegen
2689 4598 2734 4625 die
2753 4595 2925 4632 feindlichen
2942 4595 3052 4624 Linien

2152 4638 2333 4673 cröffneten.
2382 4638 2441 4667 Sie
2470 4644 2574 4667 waren
2606 4637 2666 4666 drei
2698 4637 2862 4664 Kilometer
2893 4634 2963 4664 weit
2996 4641 3053 4663 von

2152 4682 2214 4705 uns
2233 4678 2377 4713 entfernt,
2394 4678 2440 4707 die
2458 4678 2515 4706 wir
2536 4686 2595 4706 nur
2613 4678 2685 4712 zehn
2703 4676 2803 4704 Meter
2823 4675 2921 4705 hinter
2941 4674 3054 4709 unfern

2151 4717 2314 4747 Batterien
2350 4718 2483 4752 standen;
2523 4719 2594 4746 aber
2632 4717 2693 4751 ihre
2731 4715 2868 4750 schweren
2905 4713 3053 4749 Geschütze

2151 4757 2299 4790 dröhnten
2318 4758 2449 4792 derartig
2466 4759 2544 4788 laut,
2562 4758 2618 4792 daß
2639 4757 2715 4791 jeder
2734 4761 2841 4782 anoere
2860 4754 2939 4782 Laut
2959 4755 3052 4782 neben

2152 4796 2242 4830 ihnen
2269 4797 2459 4832 verschwand.
2503 4797 2580 4825 Eine
2605 4803 2695 4830 ganze
2721 4795 2840 4823 Stunde
2867 4793 2938 4827 lang
2965 4793 3053 4825 sahen

2151 4836 2209 4864 wir
2237 4837 2275 4870 sie
2302 4837 2481 4865 meilenweit
2509 4833 2727 4865 landeinwärts
2755 4833 2881 4867 schtcßen
2909 4834 2971 4860 und
2999 4834 3053 4861 den

2152 4876 2303 4910 deutschen
2325 4877 2495 4910 Vormarsch
2517 4876 2549 4904 in
2569 4876 2661 4910 dieser
2682 4874 2824 4907 Richtung
2845 4872 3052 4906 verhindern."

2210 4917 2295 4950 Trotz
2325 4916 2415 4950 dieser
2446 4916 2530 4951 Hilfe
2560 4917 2666 4949 gelang
2694 4917 2727 4941 es
2758 4914 2811 4939 den
2844 4911 3055 4946 französischen

2154 4955 2438 4990 Marinefüsilieren
2465 4956 2517 4983 des
2547 4954 2701 4983 Admirals
2728 4951 2843 4985 Ronach
2871 4951 2914 4978 im
2942 4951 3056 4980 Verein

2155 4995 2212 5023 mit
2255 4996 2309 5023 den
2353 4995 2509 5030 belgischen
2553 4992 2773 5030 Infanteristen
2815 4991 2867 5018 des
2909 4990 3056 5025 Obersten

2154 5034 2270 5069 Meiser
2299 5042 2358 5062 nur
2386 5035 2495 5069 schwer,
2523 5035 2588 5062 dem
2614 5031 2759 5066 dcutscheit
2787 5030 2931 5063 Ansturm
2960 5030 3056 5064 stand¬

2153 5074 2312 5108 zuhalten;
2332 5074 2479 5107 Rieuport
2497 5074 2552 5102 mit
2570 5074 2679 5108 seinem
2696 5068 2888 5104 Brückenkopf
2905 5074 2971 5097 war
2989 5069 3056 5103 noch

2156 5114 2266 5143 immer
2289 5114 2357 5147 hart
2378 5114 2540 5149 gefährdet,
2563 5114 2621 5141 und
2646 5112 2672 5146 so
2693 5109 2833 5144 entschloß
2857 5108 2905 5142 sich
2927 5108 2974 5137 die
2996 5109 3056 5138 bel¬

2155 5153 2244 5188 gische
2262 5153 2494 5188 Heeresleitung
2514 5161 2564 5181 am
2583 5153 2628 5180 25.
2647 5150 2782 5180 Oktober,
2801 5148 2864 5181 ihre
2884 5148 2962 5183 letzte
2981 5148 3057 5177 Ver-

2156 5193 2405 5228 tcidigungslinte
2422 5193 2505 5226 durch
2523 5191 2705 5227 Herstellung
2723 5188 2806 5218 eines
2822 5187 2931 5216 weiten
2948 5188 3056 5217 Ueber-

2156 5233 2520 5268 schwemmungsgebictes
2553 5230 2685 5266 zwischen
2717 5229 2781 5256 dem
2813 5226 2962 5262 Userdeich
2996 5230 3057 5256 und

2156 5274 2222 5302 dem
2241 5273 2357 5302 Damm
2376 5274 2425 5300 der
2447 5275 2514 5306 nach
2535 5271 2680 5304 Rieuport
2699 5268 2865 5303 führenden
2886 5267 3057 5302 Eisenbahn

2155 5321 2193 5347 zu
2218 5312 2336 5348 sichern.
2356 5312 2436 5347 Zwei
2459 5312 2552 5346 junge
2575 5307 2847 5343 Pionicroffizierc,
2869 5306 2919 5336 die
2941 5307 3058 5341 Haupt¬

3088 4004 3167 4031 leute
3193 4003 3275 4037 Thys
3303 4004 3363 4031 und
3391 4003 3487 4033 Ulmo,
3514 4003 3635 4036 brachen
3664 4004 3696 4031 in
3723 4004 3772 4031 der
3800 4002 3890 4035 Nacht
3917 4009 3983 4037 zum

3087 4043 3133 4070 28.
3165 4043 3229 4077 auf.
3260 4043 3443 4077 bestimmten
3477 4042 3565 4070 einen
3598 4044 3680 4071 alten
3713 4041 3985 4076 Schleusenwärter

3089 4082 3172 4115 durch
3193 4082 3270 4110 Geld
3291 4083 3352 4110 und
3373 4081 3502 4115 Aussicht
3524 4082 3579 4116 auf
3600 4082 3666 4110 eine
3686 4082 3913 4116 Auszeichnung
3933 4088 3986 4115 zur

3090 4121 3303 4157 Hilfeleistung
3321 4122 3382 4150 und
3400 4122 3565 4150 arbeiteten
3584 4121 3641 4150 mit
3659 4121 3778 4156 einigen
3796 4121 3869 4156 zehn
3888 4120 3988 4148 Mann

3091 4161 3152 4189 drei
3173 4161 3254 4195 Tage
3273 4162 3344 4195 lang
3361 4161 3495 4196 zwischen
3515 4162 3566 4189 der
3583 4161 3740 4195 belgischen
3759 4161 3820 4189 und
3839 4160 3888 4188 der
3909 4160 3988 4188 deut¬

3092 4200 3169 4233 schen
3202 4201 3390 4235 Kampflinie
3422 4208 3461 4229 an
3495 4202 3546 4229 der
3578 4201 3764 4235 Herstellung
3797 4202 3848 4229 des
3882 4199 3988 4228 Ueber-

3093 4240 3464 4275 schwemmungSgebietes.
3508 4240 3604 4274 Setzte
3629 4240 3676 4268 die
3699 4239 3771 4274 Flut
3796 4240 3855 4270 ein,
3880 4238 3909 4272 so
3934 4239 3989 4272 öff¬

3094 4281 3181 4308 neten
3217 4280 3256 4313 sie
3291 4280 3337 4308 die
3373 4280 3542 4314 Schleusen,
3576 4279 3622 4308 bei
3659 4279 3788 4308 Eintritt
3824 4278 3874 4306 der
3912 4278 3989 4306 Ebbe

3093 4319 3224 4353 schlossen
3241 4320 3277 4353 sie
3293 4320 3340 4353 sie,
3356 4327 3406 4348 um
3423 4322 3477 4349 das
3494 4319 3606 4348 bereits
3623 4319 3862 4353 eingedrungcnc
3879 4317 3990 4351 Wgsscr

3093 4366 3142 4386 am
3167 4359 3327 4394 Abfließen
3350 4367 3387 4394 zu
3409 4358 3597 4392 verhindern.
3639 4359 3701 4393 Auf
3724 4358 3799 4393 diese
3825 4357 3921 4391 Weise
3944 4357 3989 4385 be¬

3093 4406 3175 4433 gann
3205 4399 3260 4427 daö
3290 4399 3425 4427 Gelände
3453 4403 3505 4426 vor
3536 4399 3589 4426 den
3621 4398 3777 4433 belgischen
3809 4397 3989 4432 Stellungen

3094 4438 3258 4472 allmählich
3290 4438 3380 4473 feucht
3408 4445 3444 4473 zu
3475 4438 3607 4472 werden;
3640 4438 3707 4471 nach
3737 4437 3857 4472 einigen
3888 4437 3991 4471 Tagen

3093 4478 3198 4511 dehnte
3218 4478 3266 4512 sich
3285 4483 3336 4506 vor
3356 4479 3404 4506 der
3425 4477 3497 4512 sechs
3517 4477 3661 4506 Stunden
3681 4479 3790 4511 laugen
3811 4476 3907 4511 Front
3926 4476 3990 4504 eine

3094 4517 3159 4545 vier
3189 4517 3238 4545 bis
3268 4518 3338 4553 fünf
3366 4518 3528 4546 Kilometer
3558 4517 3653 4545 breite
3682 4516 3832 4550 künstliche
3861 4516 3991 4550 Lagune,

3095 4557 3141 4585 die
3158 4558 3194 4584 90
3211 4557 3260 4584 bis
3279 4558 3331 4584 120
3349 4557 3530 4591 Zentimeter
3547 4556 3603 4591 tief
3618 4562 3681 4584 >var
3698 4558 3757 4584 und
3777 4556 3857 4589 jedes
3874 4555 3992 4584 weitere

3094 4597 3285 4630 Vordringen
3303 4598 3353 4625 der
3371 4596 3516 4631 deutschen
3534 4596 3677 4630 Truppen
3696 4595 3859 4631 unmöglich
3877 4596 3991 4627 machte,

3095 4637 3131 4663 da
3147 4638 3198 4665 der
3214 4636 3316 4665 Boden
3331 4641 3386 4664 von
3402 4636 3515 4664 kleinen
3534 4635 3752 4670 Wasscrläufen
3769 4634 3990 4669 durchschnitten

3094 4677 3197 4704 wurde
3216 4677 3277 4704 und
3296 4676 3480 4704 vorrückende
3499 4675 3643 4709 Truppen
3662 4675 3745 4703 dabei
3765 4673 3989 4708 hincingeraten

3096 4716 3340 4751 und,zugrunde,
3352 4717 3441 4750 gehen
3462 4714 3599 4743 konnten.
3621 4715 3678 4742 Am
3700 4715 3744 4742 30.
3765 4714 3892 4742 Oktober
3915 4713 3989 4740 tobte

3097 4755 3148 4784 der
3170 4755 3281 4789 Kampf
3304 4755 3368 4788 noch
3390 4755 3502 4784 einmal
3524 4755 3579 4789 auf
3601 4755 3664 4782 dem
3687 4753 3781 4782 linken
3805 4751 3909 4787 Flügel
3931 4751 3989 4778 und

3097 4795 3129 4822 in
3157 4796 3207 4823 der
3236 4795 3327 4823 Mitte
3353 4796 3402 4823 der
3431 4794 3587 4829 belgischen
3615 4793 3793 4827 Stellungen
3823 4792 3853 4819 in
3882 4798 3988 4824 ganzer

3096 4833 3266 4869 Heftigkeit,
3294 4835 3419 4869 deutsche
3447 4834 3590 4867 Truppen
3621 4833 3774 4863 erreichten
3806 4832 3858 4859 den
3889 4829 3989 4862 Bahn¬

3098 4874 3197 4902 damm
3225 4875 3285 4902 und
3310 4876 3442 4908 drangen
3467 4873 3498 4901 in
3525 4872 3744 4906 Racmöcapcllc
3770 4870 3833 4903 ein;
3860 4868 3907 4896 die
3931 4869 3973 4896 bei

3096 4913 3187 4948 -gische
3215 4914 3402 4948 Aufttellung
3429 4913 3539 4946 drohte,
3566 4911 3765 4944 durchbrochen
3793 4917 3829 4943 zu
3858 4908 3989 4940 werden;

3101 4954 3137 4981 da
3173 4953 3281 4983 machte
3314 4953 3361 4982 die
3393 4953 3465 4988 Flut
3498 4953 3558 4979 und
3592 4953 3646 4978 das
3679 4949 3771 4977 damit
3806 4947 3992 4976 verbundene

3100 4992 3230 5027 Steigen
3251 4993 3302 5021 der
3322 4992 3625 5026 Ncberschwemmung
3647 4989 3706 5022 jede
3727 4988 3845 5016 weitere
3868 4986 3991 5021 Kampf¬

3101 5032 3234 5067 tätigkeit
3262 5033 3432 5066 unmöglich,
3459 5031 3519 5058 und
3547 5030 3591 5057 die
3621 5027 3746 5061 Schlacht
3774 5026 3878 5061 mußte
3906 5027 3990 5060 abge¬

3100 5072 3221 5107 brochen
3245 5072 3371 5101 werdeti.
3403 5071 3458 5099 Am
3483 5069 3578 5103 selbe»
3602 5068 3681 5101 Tage
3704 5066 3804 5101 trafen
3829 5065 3874 5093 die
3897 5065 3989 5099 ersten

3100 5112 3307 5147 französischen
3344 5108 3574 5143 Berstärkungeit
3611 5106 3669 5136 ein,
3705 5106 3765 5134 und
3803 5112 3853 5133 am
3889 5105 3989 5133 Abend

3098 5150 3204 5181 konnte
3225 5151 3423 5180 Vandervelde
3442 5147 3495 5182 auf
3515 5148 3577 5175 dem
3599 5145 3770 5179 Marktplatz
3790 5150 3846 5173 von
3867 5143 3988 5177 Furnes

3099 5192 3184 5220 einer
3206 5191 3324 5225 Parade
3345 5187 3522 5219 beiwohnen,
3543 5185 3598 5213 mit
3619 5186 3670 5214 der
3690 5185 3786 5219 König
3808 5183 3913 5212 Albert
3934 5184 3987 5211 den

3100 5231 3203 5266 soeben
3239 5228 3468 5264 eingctroffcuen
3503 5224 3638 5253 General
3673 5224 3774 5261 Joffrc
3810 5224 3842 5252 in
3879 5222 3987 5258 seinem

3098 5269 3336 5306 Hauptquartier
3362 5266 3553 5296 willkommen
3578 5264 3655 5299 hieß.
