3296 4606
209 85 398 114 Ätomumau.

158 126 180 151 53
184 127 201 150 ti
218 124 277 150 allen
288 120 440 152 P-stbukt-uz

142 159 220 188 ftanto
247 158 311 187 durch
332 149 368 181 dl«
388 157 456 184 ganr«

231 191 366 224 Schwfiz:

179 230 206 254 <r
217 229 314 254 Monale
333 224 373 252 Fr.
382 220 412 245 t«

193 259 207 283 6
219 257 316 284 Monate
335 253 373 281 Fr.
398 257 421 273 ».

146 292 191 322 Für
197 291 275 321 Zürich
287 283 457 313 «.Umgebung

175 327 210 352 bei
223 327 262 350 der
282 318 428 351 Spedition:
433 329 445 341 v

186 361 200 384 K
210 357 307 384 Monate
327 353 365 379 Fr.
376 350 398 373 6.
408 361 438 368 —

186 391 200 413 3
211 387 309 413 Monate
327 382 366 409 Fr.
376 380 399 404 3.
409 379 439 403 BO

175 447 222 476 Für
238 443 281 467 da«
299 437 433 465 Auüland

150 473 255 501 abonnire
264 475 319 494 man
329 466 372 498 gef.
380 465 415 490 bei
422 465 460 489 der

151 494 459 534 PoS-Zeilungtespedition

150 535 175 558 in
182 530 261 561 Zürich
277 529 328 552 «der
337 524 413 550 direkte
423 523 460 548 bei

178 562 220 586 den
229 558 350 588 Derlegem
359 553 430 584 selbß.

1473 32 1746 107 Mm.

576 514 766 578 Zürich,
783 518 1004 579 Sonntag

1330 456 1648 519 Mfmldoüyigstrr
1673 451 1860 509 Jahrgang.

1199 582 1288 614 Druck
1308 587 1367 611 unv
1386 579 1495 616 Verlag
1516 583 1572 607 von
1593 573 1694 606 Orell,
1713 570 1802 608 Füßli
1821 576 1877 599 >lnd
1898 569 2001 602 Comp.

2191 499 2264 545 29.
2293 491 2481 552 Januar
2519 489 2645 537 1865.

2746 38 2994 77 Znsenionogebühr:

2717 82 2764 110 Die
2783 79 2892 110 »spaltige
2912 77 3026 108 Petitzeil«

2772 113 2812 135 der
2826 110 2889 133 derm
2905 107 2983 132 Rau»

2801 139 2829 163 1B
2839 137 2942 170 Rappen.

2716 196 2918 226 kkor.'.spondenze»
2935 192 2983 222 find

2754 227 2789 250 die
2803 222 2992 250 Redaktion,

2718 255 2822 286 Inserat«
2836 255 2934 283 dagegen
2948 257 2978 275 an
2992 248 3027 274 di«

2787 281 2958 313 Exvedition

2730 320 2769 338 oer
2781 311 2814 337 N.
2821 309 3019 341 Zürcher-Zeitung

2791 347 2817 372 zu
2834 338 2954 368 adreffiren.

2750 367 2943 399 Ankündigungen
2956 372 2999 391 von

2721 398 2901 425 Medikamenten
2925 395 3028 425 bedürfe»

2743 430 2779 453 der
2790 425 2961 456 Emehmigung
2971 424 3008 449 der

2757 453 2994 486 Metizinaidirekltou.

2720 514 2797 543 Briest
2804 513 2850 537 und
2855 511 2940 537 Gelder
2944 510 3029 540 stank».

313 773 382 812 Die
410 768 639 809 Demokratie
665 767 705 806 in
730 765 868 810 Zürich.

172 875 274 914 Unsere
293 873 384 910 letzten
397 864 786 905 GroßrathSverhandlungen
799 869 892 894 waren
904 860 990 900 gewiß
1002 860 1065 896 nach

111 924 223 963 Inhalt
241 923 299 954 und
319 919 405 958 Form
424 916 551 955 geeignet,
569 913 653 954 jedem
671 911 883 949 Unbefangenen
902 909 979 940 einen
997 905 1065 940 Leit¬

110 973 195 1011 faden
213 979 263 1011 zur
274 968 381 1006 nähern
394 964 511 1003 Einsicht
522 963 553 994 in
561 961 602 993 die
612 959 778 1000 öffentlichen
790 957 928 998 Zustände
941 954 1067 995 Zürich'-

111 1030 154 1053 an
172 1020 214 1052 die
233 1017 318 1059 Hand
336 1023 370 1055 zu
387 1013 468 1053 geben
487 1027 527 1034 —
547 1010 612 1041 aber
631 1012 660 1040 eS
680 1008 753 1048 giebt
772 1006 838 1037 eben
858 1004 946 1040 Leute,
968 1003 1008 1034 die
1020 1002 1068 1040 sich

113 1070 223 1107 absolut
251 1065 321 1103 nicht
349 1062 415 1094 über
444 1059 545 1100 Zürich
571 1056 695 1095 belehren
715 1055 797 1094 lasten
816 1053 915 1085 wollen
932 1053 990 1084 und
1011 1051 1068 1089 ihre

114 1118 230 1156 falschen
250 1111 502 1149 Voraussetzungen
521 1106 573 1138 wie
590 1106 667 1137 einen
690 1103 781 1143 Nagel
801 1102 840 1134 im
852 1100 924 1139 Kopf
937 1099 1068 1138 behalten.

176 1165 226 1198 So
246 1161 351 1202 schreibt
370 1158 411 1190 die
431 1157 485 1189 St.
509 1153 740 1194 Galler-Zeitung
753 1151 794 1182 die
808 1149 1014 1188 Beibehaltung
1026 1149 1070 1177 der

117 1211 333 1254 Wahlkollegien
352 1209 398 1239 der
417 1205 543 1245 Furcht
563 1210 626 1234 vor
646 1204 709 1232 der
724 1196 1071 1235 Demokratiezuund

117 1264 180 1303 fügt
199 1262 255 1294 bei:
284 1257 366 1296 Diese
395 1254 496 1294 Furcht
524 1258 575 1284 vor
592 1252 639 1282 der
657 1248 843 1285 Demokratie,
862 1245 928 1284 resp.
947 1250 998 1276 vor
1019 1244 1070 1274 den

117 1305 383 1346 Volkswahlen
402 1302 494 1334 würde
512 1308 581 1339 ganz
598 1297 706 1336 komisch
725 1295 887 1334 erscheinen,
908 1299 988 1324 wen»
1006 1298 1073 1323 man

118 1360 192 1398 nicht
209 1357 311 1395 wüßte,
330 1353 384 1391 daß
403 1352 432 1383 in
451 1352 512 1381 dem
538 1347 756 1388 gegmwärtigen
776 1344 891 1382 System
908 1344 955 1373 der
974 1341 1075 1372 Beam¬

119 1407 276 1445 tenwahlen
293 1405 334 1435 im
353 1400 465 1434 Kanton
493 1397 593 1437 Zürich
621 1395 690 1426 eben
718 1394 758 1425 die
787 1390 1001 1430 Machtstellung
1029 1389 1076 1417 des

120 1453 339 1496 gegenwärtigen
359 1447 523 1487 Regiments
543 1444 617 1483 liegt.

183 1502 241 1535 Die
260 1500 315 1532 St.
334 1494 514 1533 Galler-Ztg.
533 1491 602 1532 giebt
624 1490 680 1529 also
701 1488 776 1527 selbst
795 1496 837 1528 zu,
855 1486 909 1523 daß
927 1488 959 1516 eS
972 1481 1076 1520 komisch

120 1554 165 1592 ist,
183 1556 233 1584 den
257 1546 396 1590 Zürcher«
420 1543 519 1582 Furcht
545 1547 594 1572 vor
624 1540 669 1571 der
693 1535 866 1570 Demokratie
886 1530 1078 1572 vorzuwerfen,

121 1610 204 1634 wenn
224 1599 265 1630 die
283 1591 497 1630 Machtstellung
518 1590 567 1619 deS
586 1585 801 1626 gegenwärtigen
825 1581 988 1620 RegimmtS
1007 1578 1077 1614 nicht

122 1651 155 1682 in
174 1652 235 1680 dem
254 1640 468 1685 gegenwärtigen
498 1636 616 1676 System
635 1637 681 1665 der
710 1628 954 1668 Beamtenwahlen
973 1627 1076 1665 besteht.

125 1698 188 1730 Die
201 1690 367 1729 Grundlage
377 1690 425 1719 des
435 1682 652 1726 gegenwärtigen
663 1680 797 1719 Systems
816 1680 862 1709 der
872 1674 1081 1711 Beamtenwah¬

130 1749 186 1783 len,
204 1746 258 1775 das
278 1740 354 1778 schon
373 1736 420 1773 seit
439 1734 518 1766 1830
537 1731 631 1769 datirt,
650 1731 680 1768 ist
691 1736 751 1760 nun
764 1727 831 1758 aber
843 1725 921 1763 durch
934 1725 992 1756 und
1003 1721 1081 1759 durch

128 1789 323 1828 demokratisch.
349 1784 424 1817 Vom
443 1782 528 1820 ersten
548 1777 709 1818 Augenblick
720 1779 765 1808 der
783 1782 871 1806 neuen
889 1772 1082 1813 Zeitrechnung

125 1852 166 1875 an
185 1846 278 1873 waren
299 1835 340 1866 die
358 1829 590 1869 administrativen
603 1827 734 1865 Organe,
751 1823 831 1860 durch
845 1821 937 1859 welche
956 1819 995 1851 im
1007 1817 1082 1850 Kan¬

125 1895 178 1922 ton
205 1885 305 1928 Zürich
334 1881 493 1920 Regierung
522 1879 580 1909 und
607 1875 678 1907 Volk
698 1874 747 1905 mit
777 1872 904 1903 einander
934 1867 1084 1904 verkehre»,

126 1938 208 1973 durch
226 1937 279 1966 daS
301 1929 373 1963 Volk
391 1929 447 1959 und
466 1926 536 1964 nicht
555 1924 634 1961 durch
654 1923 694 1952 die
709 1920 869 1958 Regierung
884 1915 991 1954 bestellt.
1009 1913 1083 1950 Auch

129 1986 160 2016 in
180 1986 226 2014 der
247 1979 334 2016 Wahl
354 1977 437 2016 seiner
457 1973 566 2011 Richter
585 1971 659 2010 hatte
677 1972 731 2000 daS
745 1967 816 2000 Volk
836 1965 899 2004 freie
918 1964 1011 2002 Hand.
1040 1961 1086 1995 In

131 2033 232 2062 keinem
251 2031 353 2059 andern
374 2021 623 2061 Schweizerkanton
638 2018 716 2058 gieng
726 2017 765 2047 die
776 2012 980 2053 Regeneration
993 2011 1086 2048 gerade

128 2080 160 2110 in
181 2082 227 2108 der
248 2076 422 2110 Ernennung
441 2074 486 2101 der
507 2069 669 2100 Beamteten
689 2071 745 2096 von
756 2064 842 2094 einem
855 2058 1084 2095 demokratischem

128 2123 315 2162 Standpunkt
344 2124 398 2150 aus
418 2119 463 2150 als
483 2118 524 2149 im
543 2116 656 2148 Kanton
685 2111 797 2153 Zürich,
824 2110 875 2140 wie
894 2107 941 2147 sich
962 2106 1026 2143 auch
1046 2105 1086 2136 die

128 2172 303 2207 Gemeinden
323 2167 458 2205 nirgends
478 2165 552 2195 einer
572 2164 672 2200 freier»
690 2157 935 2197 Selbstregierung
954 2153 1086 2190 erfreuten

129 2224 190 2253 und
210 2220 239 2251 in
259 2216 341 2254 dieser
359 2214 419 2252 sehr
438 2210 648 2249 wahrscheinlich
667 2212 720 2238 den
732 2206 816 2243 ersten
829 2204 957 2240 Ansporn
969 2210 1003 2239 zu
1014 2200 1087 2231 einer

130 2270 226 2308 früher
238 2263 407 2301 unerhörten
426 2255 765 2292 national-ökonomischen
780 2250 966 2287 Entwicklung
981 2248 1089 2285 fanden.

193 2315 252 2347 Die
271 2319 327 2343 von
346 2312 392 2340 der
412 2307 465 2339 St.
485 2303 721 2342 Galler-Zeitung
739 2309 775 2332 an
795 2298 836 2330 die
857 2297 949 2329 Wand
977 2295 1089 2333 gemalte

130 2364 251 2404 Furcht
271 2367 334 2391 vor
354 2360 414 2387 der
435 2352 688 2387 Demokratie,
718 2348 783 2386 resp.
812 2354 862 2377 vor
883 2347 934 2375 den
959 2341 1088 2375 Volks¬

130 2410 294 2450 wahlen,
314 2406 345 2442 ist
359 2404 415 2440 also
429 2401 568 2437 wirklich
589 2398 738 2435 komisch,
757 2396 792 2432 sie
812 2401 871 2424 war
891 2392 965 2430 schon
986 2388 1087 2426 komisch

132 2463 164 2493 in
185 2457 294 2499 Zürich,
314 2454 360 2485 als
380 2452 415 2490 sie
434 2450 463 2481 in
482 2448 645 2486 wenigstens
665 2445 731 2485 zwei
753 2441 882 2475 Dritteln
908 2445 962 2470 von
982 2438 1089 2467 Kanto¬

131 2518 188 2540 nen
213 2505 278 2541 noch
297 2502 356 2541 sehr
376 2499 458 2535 ernst
479 2505 546 2528 war.
587 2494 680 2527 Wenn
698 2499 766 2523 man
784 2492 837 2519 den
855 2488 993 2527 Zürchern
1012 2484 1089 2515 einen

130 2552 271 2590 Vorwurf
291 2549 397 2587 machen
417 2548 495 2582 kann,
514 2543 542 2582 so
563 2542 595 2578 ist
613 2545 644 2571 eS
665 2540 734 2578 nicht
752 2540 806 2575 der,
826 2536 879 2573 daß
893 2535 927 2574 sie
939 2534 1008 2570 nicht
1025 2530 1089 2569 früh

134 2612 226 2646 genug
246 2601 276 2632 in
295 2602 359 2634 den,
368 2593 472 2630 Genuß
492 2594 540 2622 deS
561 2589 700 2627 WählenS
721 2586 824 2624 versetzt
836 2585 957 2619 worden,
977 2581 1091 2616 sondern

131 2650 263 2687 vielleicht
291 2647 362 2685 eher,
385 2642 438 2680 daß
458 2641 494 2679 sie
513 2639 599 2675 diesen
616 2635 723 2672 Genuß
751 2635 839 2665 etwaS
869 2631 922 2668 satt
940 2629 1091 2661 bekommen

132 2702 224 2740 haben
243 2699 308 2727 oder
328 2692 398 2729 nicht
415 2690 490 2727 mehr
510 2685 642 2725 allzusehr
661 2682 777 2719 darnach
797 2680 900 2717 lüstern
913 2678 981 2717 sind.
1000 2674 1092 2708 Wenn

132 2751 218 2786 dieser
238 2741 375 2777 Vorwurf
394 2737 541 2777 gegründet
560 2734 601 2772 ist,
622 2733 650 2770 so
671 2731 732 2768 darf
752 2728 864 2766 derselbe
879 2725 1002 2762 vielleicht
1015 2722 1092 2760 durch

133 2799 179 2830 vie
200 2795 346 2827 modemen
365 2784 491 2825 Begriffe
511 2782 579 2814 über
598 2784 649 2812 den
669 2778 767 2817 Werth
787 2780 832 2808 der
854 2775 919 2815 Zeit
937 2775 1023 2804 etwas
1037 2773 1094 2801 ent¬

132 2843 264 2885 schuldigt
283 2839 399 2872 werden,
419 2834 482 2864 aber
501 2829 690 2867 rechtfertigen,
712 2834 778 2865 ganz
798 2821 978 2863 rechtfertigen
999 2817 1095 2849 wollen

133 2899 195 2926 und
214 2891 319 2922 können
340 2886 391 2915 wir
410 2882 458 2919 ihn
477 2880 555 2915 nicht.
586 2877 730 2917 Hingegen
750 2873 818 2904 wird
837 2874 896 2902 unS
915 2867 1022 2900 erlaubt
1033 2865 1097 2903 fein,

134 2939 241 2983 gewisie
267 2931 432 2971 theoretische
461 2926 593 2966 Politiker
608 2932 642 2964 zu
662 2923 778 2960 fragen,
808 2919 842 2950 ob
862 2918 898 2956 sie
917 2920 948 2948 eS
966 2915 1035 2952 nicht
1054 2914 1097 2943 be¬

133 2987 248 3022 denklich
269 2984 372 3023 finden,
392 2978 436 3008 ein
454 2976 573 3014 thätigcs
593 2975 650 3004 und
670 2969 855 3007 verständiges
875 2966 954 3002 Volk,
972 2965 1025 2994 daS
1043 2967 1098 2991 von

134 3038 223 3076 seiner
250 3031 314 3071 Zeit
344 3028 420 3058 einen
448 3024 508 3061 sehr
528 3026 610 3061 guten
633 3017 778 3054 Gebrauch
796 3024 830 3055 zu
849 3013 957 3052 machen
977 3010 1098 3048 versteht,

135 3085 190 3118 mit
208 3077 379 3116 unnöthigen
399 3070 662 3109 Wahloperationen
680 3073 713 3105 zu
733 3061 907 3096 überladen?
927 3058 1099 3097 Diejenigen,

135 3132 233 3169 welche
250 3129 282 3158 eS
300 3132 335 3164 zu
353 3122 440 3159 wenig
467 3116 577 3158 poetisch
607 3115 669 3145 oder
689 3110 807 3149 idealisch
829 3109 931 3148 finden,
953 3113 1033 3138 wenn
1053 3106 1098 3135 der

470 3243 645 3299 Feuilletl»
675 3244 771 3282 1865.

510 3351 573 3379 »S.
593 3348 736 3386 Januar

164 3417 216 3446 275
236 3407 377 3444 Während
395 3407 472 3437 eine«
487 3400 680 3436 Kriegszuges
704 3401 791 3432 gegen
809 3392 923 3428 Persien
941 3390 1035 3420 wurde
1056 3387 1105 3419 auf

233 3449 369 3485 Anstiften
384 3444 469 3480 seines
483 3438 749 3475 Gehetmschreibers
762 3433 936 3467 Mnestbeu«,
949 3433 997 3460 der
1010 3434 1103 3463 wegen

234 3497 311 3523 eine«
324 3485 484 3521 Vergehen«
494 3482 598 3515 Straf«
610 3479 749 3513 fürchtet«,
762 3478 808 3505 der
822 3474 936 3507 tüchtige
948 3468 1104 3501 römische

234 3531 368 3568 Kaiser
395 3523 543 3558 Lucius
571 3519 767 3552 Domitius
794 3513 1023 3546 Aurelian««
1050 3507 1106 3537 bet

235 3575 375 3611 Byzanz
395 3564 591 3597 ermordet.
617 3561 704 3594 Sohn
720 3558 797 3588 eines
811 3560 908 3585 armen
920 3552 1051 3587 Pachter«
1066 3548 1105 3578 bei

238 3611 387 3649 Sirmium
416 3613 474 3636 war
493 3611 524 3635 er
542 3608 635 3640 wegen
663 3601 748 3633 seiner
768 3593 924 3630 Tapferkeit
943 3597 997 3622 von
1018 3591 1105 3619 einem

238 3656 345 3686 reichen
365 3649 530 3683 Senatoren
551 3651 584 3679 zu
607 3642 705 3677 seinem
726 3634 912 3670 Adoptivsohn
932 3631 988 3662 und
1008 3630 1106 3663 Eidam

238 3693 361 3731 gemacht
379 3688 435 3720 und
455 3691 510 3716 von
528 3685 592 3715 dem
609 3680 722 3716 vorigen
739 3679 837 3712 Kaiser
854 3681 887 3712 zu
906 3673 1006 3707 seinem
1018 3670 1111 3703 Nach,

239 3737 328 3770 eolger
348 3729 494 3766 bezeichnet
512 3726 634 3755 worden.
666 3722 727 3758 Für
745 3721 795 3749 da«
812 3718 944 3752 ringsum
964 3711 1108 3745 bedrängte

241 3776 314 3806 Land
333 3776 393 3803 war
411 3775 440 3799 er
458 3767 538 3798 durch
559 3764 629 3798 seine
655 3759 823 3797 kriegeri,che
842 3752 1022 3790 Tüchtigkeit,
1039 3750 1107 3783 seine

243 3810 456 3852 durchgreifende
476 3807 618 3841 Strenge,
638 3804 708 3839 seine
729 3801 788 3834 stet«
806 3792 1043 3833 Schlagfertigkrit
1061 3792 1107 3821 der

245 3856 325 3886 recht«
353 3851 507 3889 Herrscher.
554 3846 611 3877 Die
637 3843 784 3878 Vandalen
816 3838 875 3870 und
902 3834 1107 3868 Markoman««

218 3917 231 3923 .
243 3890 311 3923 trieb
326 3892 357 3925 «i
374 3885 428 3924 äu«
445 3886 579 3928 Italien,
606 3885 651 3915 die
667 3883 780 3917 Gothen
805 3877 920 3913 uiußteu
948 3873 1041 3912 hinter
1067 3871 1108 3901 die

243 3934 348 3964 Doüan
362 3929 596 3973 zupückweichen,
622 3926 664 3955 di«
685 3923 839 3956 Alemäue«
859 3917 965 3955 besiegte
983 3923 1013 3946 er
1024 3909 1109 3944 'eben-

242 3968 321 4008 fall«.
334 3974 441 4007 uRo«.
451 3967 552 4007 üingad
570 3975 601 3998 er
619 3966 672 3996 mit
691 3964 802 3997 starken:
810 3954 948 3994 Äkauern.
976 3957 1062 3993 Hatte
1081 3959 1109 3983 er

245 4020 305 4044 nun
324 4013 377 4048 der,
395 4013 501 4053 Msien
519 4010 578 4043 und
597 4008 711 4041 Norden
732 4003 866 4041 gestchert,
884 4001 912 4033 so
928 4005 978 4034 zog
995 4003 1026 4030 er
1043 3994 1109 4027 »ach

240 4054 348 4089 Osten,
374 4057 430 4084 und
448 4054 551 4086 macht«
568 4054 628 4080 dem
647 4045 774 4084 gewaltig
789 4040 993 4076 aufblühend«»
1008 4035 1110 4069 Reiche

238 4095 292 4123 ^er
315 4094 433 4130 stolzen,
459 4091 649 4129 kriegerischen
677 4087 737 4117 und
757 4080 956 4118 kunstsinnige»
981 4075 1110 4110 KdÜigiu

244 4132 366 4167 Zertöbla
383 4139 438 4165 von
455 4133 595 4170 Palmyra
621 4126 701 4161 durch
719 4125 811 4162 einige
830 4120 969 4160 gewaltige
987 4117 1112 4151 Schläge

246 4173 292 4201 «in
311 4172 400 4203 Ende.
436 4174 485 4207 Sv
514 4174 590 4205 ward
617 4178 646 4201 er
675 4170 738 4199 eine
767 4165 863 4201 Stütze
890 4165 937 4193 de«
964 4158 1112 4192 römischen

247 4209 375 4244 Reiche«,
393 4213 451 4242 und
462 4215 548 4249 Heer,
565 4211 639 4247 Volk
657 4210 714 4243 und
728 4208 834 4242 Senat,
852 4204 906 4234 wie
924 4202 983 4233 sehr
1002 4199 1035 4231 ste
1047 4197 1111 4229 auch

247 4252 319 4285 seine
339 4249 463 4285 Strenge
480 4252 612 4288 scheme»,
631 4251 793 4283 bedauerten
813 4243 905 4279 seinen
927 4239 1036 4276 Verlust
1054 4237 1114 4273 tief.

149 4306 227 4339 4523
245 4300 316 4335 Auf
338 4300 402 4329 der
425 4297 661 4334 Disputation
687 4300 724 4331 in
745 4296 885 4335 Zürich,
905 4299 948 4324 wo
968 4289 1112 4324 besonder«

246 4345 314 4376 über
341 4339 384 4371 die
402 4338 570 4375 Verehrung
596 4339 642 4371 der
668 4339 797 4376 Heilige»
823 4332 982 4369 verhandelt
1009 4329 1113 4362 wurde,

1128 709 1241 747 Bürger
1259 705 1326 738 über
1344 706 1403 734 dem
1421 700 1594 740 allgemeinen
1611 695 1755 737 Haushalt
1771 696 1823 726 den
1840 693 1985 731 besonder«
2002 691 2070 727 nicht

1130 754 1243 795 vergißt,
1269 753 1365 792 sollten
1392 752 1487 790 gerade
1505 748 1545 778 die
1563 745 1661 784 Erste»
1680 744 1749 782 sein,
1771 752 1822 774 um
1840 744 1887 774 der
1904 740 1995 779 Prosa
2012 741 2070 771 und

1131 807 1192 836 dem
1209 801 1442 835 Materialismus
1460 796 1530 834 nicht
1547 792 1685 831 Vorschub
1701 801 1735 831 zu
1755 790 1852 827 leisten.

1192 850 1241 883 So
1266 849 1333 888 steht
1359 851 1389 878 eS
1407 847 1458 877 mit
1486 845 1534 876 der
1560 840 1740 873 Demokratie.
1782 838 1839 869 Sie
1857 837 1887 876 ist
1905 837 1948 867 die
1976 834 2073 873 Regie-

1133 898 1306 938 rungSform,
1323 896 1365 927 die
1379 895 1431 926 wir
1442 892 1582 929 brauchen,
1603 889 1668 921 aber
1682 888 1745 919 eben
1756 885 1868 924 deßhalb
1879 885 1943 921 darf
1961 884 1997 921 sie
2011 883 2074 920 auch

1134 948 1214 985 unser
1232 945 1316 978 Leben
1336 943 1404 981 nicht
1422 944 1477 973 auS
1496 942 1541 971 der
1560 935 1802 977 Vogelperspektive
1823 932 1995 971 beurtheilen,
2015 930 2074 969 son¬

1135 997 1202 1026 dern
1219 994 1267 1032 hat
1285 993 1351 1031 seine
1370 987 1540 1027 Bedürfnisse
1560 988 1614 1017 auS
1633 987 1680 1016 der
1698 982 1817 1020 nächsten
1836 980 1916 1017 Nähe
1930 979 1986 1010 in'S
2000 978 2076 1015 Auge

1135 1052 1168 1084 zu
1188 1043 1268 1081 fassen
1288 1042 1345 1072 und
1373 1039 1455 1077 ihnen
1485 1033 1616 1072 Rücksicht
1635 1041 1668 1073 zu
1688 1035 1789 1070 tragen.
1831 1029 1928 1066 Dieser
1947 1025 2078 1065 Rücksicht

1136 1092 1194 1124 und
1212 1090 1280 1128 nicht
1298 1090 1346 1119 der
1357 1086 1456 1125 Furcht
1466 1090 1516 1116 vor
1525 1086 1570 1115 der
1582 1078 1756 1114 Demokratie
1768 1077 1912 1109 vrrdanken
1924 1077 1966 1106 die
1979 1072 2077 1111 Wahl-

1136 1139 1262 1178 kollegien
1279 1136 1337 1174 ihre
1354 1132 1564 1171 Beibehaltung.
1590 1128 1648 1164 Im
1660 1126 1773 1167 Prinzip
1784 1126 1882 1157 kommt
1898 1127 1932 1155 eS
1943 1122 1992 1162 auf
2004 1122 2077 1155 Eins

1138 1189 1247 1227 heraus,
1266 1185 1301 1217 ob
1320 1186 1372 1215 daS
1385 1180 1457 1215 Volk
1474 1178 1542 1218 feine
1553 1179 1688 1210 Beamten
1696 1174 1778 1206 direkt
1787 1175 1851 1204 oder
1861 1171 1968 1204 indirekt
1977 1170 2077 1209 wählt;

1138 1238 1192 1267 das
1211 1232 1381 1272 Wesentliche
1397 1230 1439 1266 ist,
1458 1227 1512 1265 daß
1530 1229 1560 1257 eS
1577 1225 1621 1256 die
1638 1222 1759 1261 Wahlen
1776 1221 1845 1259 nicht
1862 1224 1917 1253 aus
1937 1222 1982 1250 der
1995 1218 2079 1257 Hand

1140 1283 1211 1323 giebt
1236 1281 1295 1313 und
1313 1288 1352 1311 au
1370 1278 1497 1317 Letzteres
1526 1272 1680 1306 denkt'kein
1700 1269 1812 1307 Mensch
1833 1270 1873 1300 im
1891 1268 2002 1301 Kanton
2022 1265 2080 1306 Zü¬

1141 1330 1210 1370 rich;
1236 1332 1356 1370 dagegen
1384 1325 1442 1364 sind
1462 1324 1504 1354 die
1523 1319 1705 1358 Rücksichten,
1732 1320 1786 1349 auS
1815 1318 1896 1348 denen
1920 1323 1986 1346 man
2006 1315 2082 1345 1830

1142 1379 1184 1411 die
1202 1374 1362 1413 BolkSwahl
1375 1369 1529 1408 vermittelst
1542 1372 1589 1400 des
1603 1365 1845 1405 Wahlkollegiums
1857 1364 1903 1402 für
1916 1361 2082 1402 zweckmäßig

1143 1426 1251 1463 erachtet
1270 1424 1326 1463 hat,
1345 1421 1407 1457 noch
1427 1421 1501 1457 heute
1520 1426 1553 1457 zu
1571 1415 1651 1454 Kraft
1670 1413 1812 1452 bestehend.
1853 1411 1935 1449 „AuS
1949 1409 2083 1442 Gründen

1144 1476 1190 1506 der
1209 1471 1335 1511 Klugheit
1364 1469 1411 1508 hat
1438 1464 1548 1498 damals
1574 1465 1625 1495 das
1643 1461 1724 1500 Volk,
1742 1460 1794 1491 wie
1814 1460 1857 1491 ein
1876 1457 1993 1497 Genosse
2011 1457 2084 1498 jener

1145 1522 1208 1563 Zeit
1221 1519 1353 1554 bemerkte,
1373 1518 1423 1547 daS
1437 1513 1559 1552 Institut
1573 1510 1730 1550 eingeführt.
1750 1507 1807 1540 Die
1816 1506 1903 1547 Folge
1913 1508 1960 1537 der
1974 1506 2086 1538 direkten

1145 1567 1366 1609 BezirkSwahlen
1391 1563 1482 1596 würde
1500 1560 1564 1607 sei»,
1582 1559 1635 1596 daß
1653 1558 1711 1598 jede
1729 1555 1879 1589 Gemeinde
1898 1555 1975 1592 ihren
1987 1552 2087 1586 Mann

1146 1619 1177 1650 in
1195 1620 1245 1648 den
1263 1614 1409 1653 Behörden
1437 1610 1527 1649 haben
1555 1607 1652 1639 wollte.
1695 1605 1760 1637 AuS
1787 1603 1867 1642 dieser
1884 1600 2089 1644 HarMäckigkeit

1147 1666 1286 1703 entstünde
1304 1663 1345 1693 die
1364 1655 1591 1698 Nothwendigkeit
1609 1654 1740 1692 mehrerer
1760 1651 1924 1684 Skrutinien
1942 1652 1999 1681 und
2012 1648 2089 1686 durch

1149 1715 1190 1744 die
1208 1712 1293 1743 vielen
1322 1707 1440 1746 Wahlen
1467 1704 1560 1736 würde
1589 1710 1652 1733 man
1672 1702 1712 1732 die
1731 1699 1823 1737 Sache
1842 1702 1898 1730 dem
1918 1696 2002 1730 Volke
2031 1703 2089 1727 ver¬

1149 1761 1267 1793 leiden."
1476 1762 1482 1784 !
1502 1758 1506 1763 '

1477 1860 1773 1910 Schweiz.

1194 1981 1208 1999 §
1229 1963 1486 2001 Ausstellung
1507 1964 1577 1991 von
1598 1954 1924 1986 Baumaterialien
1947 1954 1977 1983 in
1990 1954 2091 1987 Olten.

1155 2014 1215 2045 Die
1233 2008 1425 2045 Kommission
1447 2012 1496 2043 zur
1523 1999 1711 2037 Ausstellung
1741 2002 1800 2029 von
1836 1997 2093 2032 Baumaterialien,

1155 2062 1236 2089 unter
1254 2057 1316 2085 dem
1347 2047 1473 2087 Vorsitze
1504 2050 1562 2077 von
1589 2044 1664 2078 Hrn.
1695 2040 1882 2078 BundeSrath
1902 2040 2018 2078 Schenk,
2045 2039 2096 2075 hat

1155 2100 1206 2139 für
1219 2098 1262 2131 die
1282 2093 1485 2132 verschiedenen
1505 2084 1649 2125 Geschäfte
1667 2087 1715 2115 der
1731 2083 1931 2121 Ausführung
1952 2082 2032 2113 einen
2050 2082 2094 2113 be-

1156 2145 1280 2183 sondern
1299 2135 1449 2174 Ausschuß
1471 2133 1600 2165 ernannt,
1623 2133 1668 2159 d«r
1689 2131 1741 2157 au«
1769 2130 1820 2157 den
1849 2127 1914 2162 HH.
1940 2125 2095 2162 Stadttath

1156 2188 1275 2219 Merian
1296 2185 1354 2212 und
1389 2178 1445 2210 Dr.
1468 2172 1636 2210 Schmidlin
1666 2174 1725 2203 von
1756 2169 1846 2205 Basel
1875 2172 1933 2199 und
1965 2169 2098 2199 Direktor

1158 2227 1313 2264 Schweizer
1333 2228 1392 2254 von
1413 2217 1516 2257 Zürich
1546 2215 1656 2251 besteht.
1694 2213 1752 2243 Die
1783 2213 1954 2242 Antworten
1984 2211 2037 2246 auf
2054 2211 2099 2241 die

1159 2280 1208 2302 am
1228 2270 1308 2301 Ende
1321 2268 1371 2296 deS
1392 2262 1510 2299 vorigen
1530 2258 1635 2293 JahreS
1649 2255 1801 2294 erlassenen
1815 2253 2100 2291 Einladungsschrei¬

1158 2315 1222 2349 ben,
1243 2311 1329 2347 sowie
1348 2308 1392 2339 die
1422 2304 1548 2340 Berichte
1576 2307 1632 2331 von
1665 2300 1714 2329 den
1745 2297 1912 2328 kantonalen
1945 2295 2099 2328 Sektionen

1158 2360 1217 2387 und
1245 2353 1362 2389 etwaige
1391 2349 1540 2384 Anfragen
1574 2343 1632 2380 sind
1664 2341 1747 2374 daher
1779 2349 1815 2370 an
1841 2342 1892 2370 de»
1920 2340 2100 2377 brzeichnetcn

1158 2397 1307 2436 Ausschuß
1327 2396 1386 2425 und
1406 2399 1482 2431 zwar
1503 2397 1540 2419 an
1561 2389 1602 2418 die
1623 2386 1734 2423 Adresse
1756 2389 1814 2416 von
1843 2385 1915 2419 Hrn.
1941 2382 2100 2420 Eladtrath

1159 2442 1199 2475 A.
1224 2439 1389 2472 Merian
1410 2435 1448 2465 in
1468 2430 1587 2469 Basel
1607 2439 1641 2469 zu
1660 2428 1775 2465 richten.

1217 2490 1260 2524 In
1280 2486 1372 2523 Folge
1392 2483 1466 2514 einer
1486 2476 1732 2512 dankenSwerthen
1750 2475 1906 2512 Anregung
1928 2477 1974 2504 der
1992 2473 2022 2508 h.
2044 2471 2102 2504 Re¬

1159 2535 1279 2573 gierung
1305 2534 1364 2560 von
1385 2523 1545 2561 Baselstadk
1573 2521 1644 2550 wird
1674 2521 1721 2549 der
1739 2518 1825 2547 Kreis
1849 2522 1895 2547 der
1915 2515 2102 2552 Ausstellung

1161 2575 1228 2613 auch
1246 2573 1301 2609 auf
1317 2574 1371 2601 daS
1392 2565 1535 2600 Material
1564 2563 1610 2598 für
1640 2562 1683 2592 die
1704 2559 1885 2598 Pflasterung
1906 2563 1952 2590 der
1973 2558 2101 2593 Straßen

1161 2616 1344 2656 ausgedehnt.
1378 2612 1420 2643 Es
1441 2608 1534 2647 ergeht
1555 2607 1614 2643 also
1630 2607 1672 2635 die
1687 2604 1867 2641 Einladung,
1884 2601 2104 2639 Ausstellungs¬

1161 2659 1340 2701 gegenstände
1361 2654 1426 2692 nach
1445 2651 1540 2686 Olten
1568 2658 1599 2689 zu
1625 2649 1741 2685 senden,
1773 2645 1837 2683 auch
1866 2653 1902 2675 an
1922 2644 2101 2681 Diejenigen,

1161 2704 1257 2742 welche
1289 2703 1320 2732 in
1339 2700 1421 2735 Hau-
1449 2702 1514 2726 oder
1535 2691 1715 2728 Rollsteinen
1738 2690 1805 2726 nach
1826 2688 1913 2723 Preis
1934 2694 1992 2718 unv
2013 2687 2106 2719 Qua»

1162 2748 1232 2781 lität
1244 2747 1289 2778 ein
1303 2740 1513 2783 zweckmäßiges
1529 2734 1670 2767 Material
1684 2733 1732 2767 für
1744 2734 1788 2763 die
1802 2729 2104 2768 Straßeapflasterung

1163 2800 1196 2831 zu
1227 2789 1325 2824 liefern
1359 2786 1399 2815 im
1426 2782 1540 2813 Stande
1567 2779 1635 2816 find.
1678 2775 1796 2811 Endlich
1829 2776 1934 2805 werden
1966 2773 2031 2810 auch
2063 2773 2105 2803 die

1164 2834 1290 2871 Freunde
1311 2832 1356 2859 der
1378 2826 1486 2862 Sache,
1510 2821 1605 2860 welche
1630 2820 1672 2850 die
1695 2818 1893 2855 Vermittlung
1913 2815 2040 2855 zwischen
2060 2817 2106 2845 der

1164 2874 1356 2912 Kommission
1377 2872 1434 2900 und
1454 2871 1508 2898 den
1520 2863 1696 2899 Ausstellern
1717 2871 1748 2900 zu
1768 2860 1951 2893 übernehmen
1972 2861 2016 2889 die
2030 2858 2107 2889 Güte

1165 2921 1267 2958 haben,
1291 2914 1403 2953 ersucht,
1424 2914 1487 2942 dem
1507 2906 1656 2944 Ausschuß
1675 2906 1722 2937 bis
1742 2904 1821 2935 Ende
1837 2903 1963 2939 Februar
1982 2901 2026 2932 die
2045 2901 2107 2932 An¬

1166 2963 1233 3002 zahl
1249 2956 1443 2993 Quadratfuß
1466 2952 1588 2990 angeben
1608 2955 1644 2989 zu
1663 2949 1787 2984 wollen,
1818 2945 1913 2983 welche
1939 2944 1986 2975 als
2006 2944 2107 2983 Lager¬

1167 3005 1251 3044 fläche
1270 3004 1311 3033 im
1331 2998 1463 3040 gedeckten
1485 2996 1596 3027 Raume
1617 2991 1774 3030 gewünscht
1794 2993 1931 3023 werden..

1259 3194 1358 3228 siegte»
1380 3184 1583 3225 Zwingli'«
1607 3184 1625 3210 6
1633 3183 1650 3209 7
1674 3180 1834 3214 Tbesen.
1876 3179 1934 3211 Der
1952 3179 2027 3212 Rath
2051 3182 2114 3207 der-

1259 3233 1382 3265 ordnete,
1399 3225 1519 3265 Zwingli
1538 3223 1585 3258 soll
1602 3223 1712 3257 mutbig
1730 3221 1895 3256 fortfabre»,
1913 3220 2014 3251 Gotte«
2032 3218 2113 3251 Wort

1259 3281 1292 3310 zu
1311 3271 1449 3305 predigen.
1486 3264 1608 3302 Zugleich
1634 3263 1742 3296 schärfte
1767 3267 1797 3290 er
1815 3262 1867 3290 den
1887 3259 2044 3293 Geistlichen
2064 3261 2113 3290 da«

1261 3313 1367 3348 frühere
1382 3308 1476 3341 Gebot
1496 3305 1561 3340 «in,
1586 3301 1645 3335 bloß
1664 3303 1714 3331 da«
1733 3307 1763 3335 zu
1781 3299 1919 3335 predigen,
1937 3306 1994 3329 was
2013 3298 2045 3330 sie
2063 3302 2114 3329 au«

1260 3356 1309 3384 der
1335 3351 1400 3383 heil.
1423 3345 1532 3381 Schrift
1559 3342 1684 3374 beweise»
1714 3340 1855 3376 konnten,
1882 3341 1928 3370 der
1956 3339 2115 3371 Menschen,

1263 3395 1400 3428 satzungen
1419 3392 1480 3417 aber
1500 3386 1546 3419 sich
1564 3383 1710 3418 abznthun.

1171 3442 1244 3471 1688
1261 3441 1310 3476 Zu
1328 3431 1524 3470 Stockholm
1543 3427 1658 3459 wurde
1676 3429 1822 3463 geboren
1835 3424 2007 3457 Emanuel
2022 3424 2115 3456 Swe-

1262 3483 1330 3509 den
1341 3480 1453 3509 borg,
1486 3473 1533 3502 der
1564 3466 1650 3500 ältest«
1681 3467 1767 3501 Sohn
1797 3467 1843 3495 de«
1872 3464 1996 3498 Bischof«
2022 3463 2117 3501 Jeiver

1262 3520 1416 3553 Swedderg
1442 3518 1497 3542 von
1524 3509 1618 3543 Skara
1644 3507 1673 3537 in
1702 3506 1912 3540 Wesigotdland.
1961 3505 2007 3541 In
2036 3504 2118 3536 seiner

1263 3557 1397 3594 frühesien
1416 3553 1529 3591 Jugend
1556 3550 1632 3584 schon
1660 3547 1827 3582 beschäftigte
1851 3545 1899 3579 sich
1924 3545 1981 3578 sein
1999 3542 2119 3576 Gemütb

1264 3600 1317 3630 mit
1335 3595 1482 3631 religiösem
1503 3588 1610 3622 Denke»
1630 3590 1684 3618 und
1699 3587 1823 3619 Sinnen.
1855 3584 1945 3615 Sein«
1965 3584 2118 3620 Erziehung

1264 3640 1356 3670 wurde
1376 3636 1433 3670 sehr
1451 3630 1588 3667 sorgfältig
1606 3629 1725 3665 geleitet,
1746 3626 1818 3658 seine
1836 3625 1961 3660 Bitdung
1980 3625 2072 3655 «rbieit
2091 3629 2120 3651 er

1265 3678 1393 3712 meisten«
1411 3675 1441 3706 in
1459 3673 1577 3706 Upsala,
1597 3670 1627 3701 in
1646 3670 1698 3699 den
1717 3668 1872 3701 Sprachen,
1891 3666 1921 3696 in
1940 3660 2121 3697 Mathematik

1266 3722 1326 3750 und
1343 3711 1600 3751 Naturphilosophie
1626 3709 1750 3744 zeichnet«
1769 3714 1798 3737 er
1819 3706 1866 3738 sich
1883 3707 2009 3740 au»!und
2029 3703 2121 3733 wurde

1267 3761 1322 3790 mit
1337 3759 1399 3788 dem
1418 3756 1464 3785 22.
1476 3753 1566 3790 Fahre
1586 3749 1687 3782 Doktor
1706 3748 1752 3778 der
1764 3745 1946 3780 Philosophie.
1975 3745 2044 3777 Karl
2056 3745 2122 3773 XU.

1268 3799 1368 3833 schätzte
1387 3796 1456 3831 seine
1475 3790 1631 3824 Kenntnisse
1650 3789 1706 3822 sehr
1726 3788 1790 3822 hoch
1815 3788 1872 3818 und
1889 3787 1926 3817 im
1945 3785 2035 3822 Fahre
2055 3784 2122 3812 1718

1267 3840 1362 3873 leistete
1375 3836 1565 3871 Swedenborg
1577 3831 1617 3862 bei
1628 3832 1676 3861 der
1684 3830 1863 3864 Belagerung
1875 3832 1927 3856 von
1938 3820 2125 3861 Frrdrierhall

1268 3878 1429 3911 bedeutende
1441 3872 1562 3908 Dienste,
1581 3872 1670 3903 indem
1682 3876 1712 3900 er
1724 3869 1788 3905 zwei
1802 3869 1948 3901 Galeeren,
1967 3865 2029 3900 fünf
2041 3863 2123 3901 große

1268 3922 1358 3954 Boot«
1377 3918 1434 3949 und
1451 3915 1512 3947 «in«
1530 3913 1684 3947 Schaluppe
1703 3909 1813 3943 mittet-
1830 3907 1930 3941 Rollen
1949 3905 2059 3942 eigener
2071 3905 2124 3936 Er¬

1267 3960 1385 3997 findung
1400 3958 1432 3990 t»
1445 3954 1569 3992 englische
1578 3953 1685 3985 Meilen
1697 3950 1762 3982 weit
1771 3951 1839 3980 über
1852 3950 1940 3983 Berge
1953 3949 2010 3979 und
2021 3946 2125 3979 Tbäler

1269 3998 1476 4033 trausportirte.
1502 3994 1557 4027 Die
1573 3991 1698 4027 Königin
1716 3990 1809 4023 Ulrike
1820 3989 1957 4022 Eleonore
1972 3987 2057 4020 erhob
2075 3986 2124 4016 »b»

1269 4044 1311 4073 im
1329 4039 1420 4078 Fahre
1439 4037 1510 4066 1719
1527 4035 1559 4067 in
1576 4034 1628 4065 de»
1642 4030 1813 4065 Adelsstand.
1839 4029 1881 4062 Er
1897 4031 1970 4062 halte
1989 4027 2031 4057 dis
2045 4024 2124 4056 dabin

1271 4084 1337 4116 auch
1362 4081 1438 4116 schon
1464 4077 1522 4111 sehr
1546 4073 1713 4109 ansehnliche
1732 4069 1967 4105 wissenschaftliche
1984 4065 2125 4100 Schriften

1270 4120 1510 4156 herau«ge-«den,
1534 4123 1556 4150 z.
1572 4116 1610 4148 B.
1632 4114 1698 4145 über
1723 4113 1765 4143 die
1781 4110 1963 4144 Anwendung
1980 4110 2027 4137 der
2046 4105 2127 4136 Drei-

1270 4162 1362 4193 malen
1382 4161 1423 4190 im
1441 4156 1636 4192 Müazsystem,
1657 4154 1723 4183 über
1747 4152 1788 4182 die
1806 4152 1965 4186 Bewegung
1989 4148 2036 4176 der
2054 4145 2126 4178 Erd«

1270 4204 1329 4234 und
1353 4201 1415 4235 ihre
1440 4199 1511 4234 Lage
1537 4203 1571 4233 z«
1595 4196 1646 4226 de«
1664 4193 1823 4228 Planeten,
1849 4189 1969 4224 Beweise
1989 4188 2055 4218 über
2073 4187 2123 4216 den

1271 4243 1374 4278 hoher»
1394 4240 1490 4274 Stand
1515 4238 1562 4269 der
1580 4237 1639 4271 Ee«
1663 4236 1692 4265 in
1715 4234 1828 4268 früher»
1846 4230 1950 4268 Zeiten,
1969 4229 2024 4259 und
2043 4227 2126 4257 viele»

1271 4285 1380 4315 andere.
1420 4282 1495 4315 Sein
1521 4278 1611 4312 Name
1638 4281 1695 4306 war
1720 4274 1889 4309 hochgeehrt.
1926 4269 2017 4304 Seine
2036 4266 2127 4300 «eist«

1272 4320 1429 4359 Tbätigkeit
1445 4320 1510 4350 aber
1525 4318 1630 4348 wandt«
1647 4321 1679 4346 er
1695 4315 1756 4345 dem
1773 4310 1915 4347 religidseu
1931 4309 2016 4342 Leben
2033 4314 2078 4343 zu.

1207 4378 1212 4381 '
1247 4375 1294 4407 ja,".
1408 4375 1411 4380 '
1433 4374 1447 4390 ■!
1478 4359 1559 4395 .’trtcä
1584 4367 1648 4394 ck.«!»
1673 4362 1753 4389 .ö.
1765 4362 1771 4387 ’
1793 4361 1828 4387 fl"-
1850 4367 1926 4390 -inrn

2193 687 2282 718 lieber
2301 689 2351 716 den
2381 682 2549 720 verewigten
2571 678 2793 719 schweizerischen
2811 674 2927 713 Konsul
2946 675 2977 705 in
2997 673 3074 705 Bar¬

2139 730 2247 767 celona,
2269 729 2343 763 Hrn.
2364 725 2522 761 Brändlin,
2544 723 2579 760 ist
2596 725 2655 753 unS
2676 725 2731 752 aus
2751 723 2813 752 dem
2831 717 3009 751 Waadtland
3029 715 3076 746 «in

2139 773 2232 812 kurzer
2251 770 2395 807 Nekrolog
2424 767 2634 807 zugekomme»,
2664 767 2723 795 dem
2751 763 2805 794 wir
2832 761 2961 799 folgende
2981 758 3077 790 Stelle

2140 815 2323 851 entnehmen:
2343 810 2540 851 „Würdevoll,
2557 813 2618 839 treu
2638 810 2696 839 und
2716 806 2770 837 mit
2784 805 2981 841 aufopfernder
3000 800 3080 833 Güte

2139 859 2285 891 bekleidete
2305 864 2332 887 er
2351 855 2421 893 seine
2441 853 2559 888 Stelle,
2577 852 2725 889 besonder-
2744 850 2786 880 im
2804 844 3080 884 vrrhängnißvolle«

2140 902 2231 938 Jahre
2259 898 2351 935 1884,
2382 903 2428 928 wo
2458 896 2524 935 zwei
2553 894 2705 932 Dritthetle
2730 894 2778 923 der
2802 888 3001 925 Bevölkerung
3032 890 3081 917 der

2143 946 2238 978 Stadt
2256 946 2311 975 Vor
2327 943 2374 972 der
2394 939 2535 975 furchtbar
2554 937 2719 973 wüthenben
2734 933 2859 970 Cholera
2871 931 2977 969 flohen,
2998 928 3080 965 wäh¬

2142 987 2208 1019 rend
2230 986 2305 1021 Hrn.
2329 982 2494 1014 Brändlin»
2523 979 2712 1018 auSharrendr
2732 977 2902 1016 Gegenwart
2924 974 3015 1011 feine»
3034 972 3081 1003 be¬

2144 1029 2289 1067 dürftigen
2311 1025 2500 1058 Landsleuten
2522 1023 2581 1054 eine
2598 1021 2747 1060 hülfteiche
2768 1018 2866 1057 Stütze
2885 1016 2991 1048 blieb."

2202 1124 2277 1156 Laut
2308 1124 2368 1153 dem
2398 1118 2606 1157 Jahresbericht
2640 1119 2688 1148 des
2729 1110 2948 1154 schweizerischen
2982 1112 3085 1141 Unter-

2146 1163 2398 1207 stützungSvereinS
2428 1163 2459 1192 in
2478 1158 2644 1199 Oesterreich
2665 1158 2785 1198 (Wien)
2814 1155 2863 1191 für
2893 1152 2969 1185 1864
2986 1154 3083 1183 unter¬

2147 1210 2236 1249 stützte
2256 1207 2373 1244 derselbe
2392 1206 2423 1237 in
2442 1205 2540 1241 diesem
2555 1204 2713 1240 Zeiträume
2726 1201 2784 1231 214
2799 1199 2962 1236 Schweizer.
2992 1194 3087 1226 Seine

2150 1251 2332 1289 Einnahmen
2361 1249 2492 1286 bettugen
2513 1247 2586 1277 2001
2608 1249 2665 1276 und
2686 1245 2757 1281 seine
2776 1241 2934 1281 AnSgabrn
2956 1237 3028 1270 1211
3048 1236 3082 1275 fl.

2209 1339 2337 1375 Zürich.
2375 1338 2428 1373 Hr.
2451 1336 2629 1376 BeztrkSarzt
2645 1336 2713 1374 Hotz
2733 1334 2766 1365 in
2787 1332 2921 1363 Dürnte»
2941 1327 3016 1368 focht
3033 1334 3084 1358 um

2151 1383 2325 1422 Entlassung
2345 1386 2403 1413 von
2423 1381 2510 1417 seiner
2529 1379 2624 1412 Stelle
2642 1376 2721 1415 »ach.
2762 1376 2806 1406 ES
2826 1374 2898 1404 wird
2919 1371 2980 1410 ihm
3000 1374 3085 1402 »nter

2152 1426 2347 1463 Verdankuug
2367 1427 2413 1455 der
2432 1422 2585 1462 geleisteten
2607 1420 2719 1458 Dienste
2739 1415 2925 1455 entsprochen.
2987 1416 3034 1427 '"
3057 1420 3067 1426 '

2210 1474 2278 1504 DaS
2300 1472 2407 1511 eidgen.
2430 1470 2687 1508 Postdepartemeut
2708 1466 2822 1503 beharrt
2834 1461 3002 1500 einstweilen
3015 1459 3092 1496 nicht

2154 1519 2250 1550 weiter
2281 1515 2332 1551 ans
2360 1516 2406 1545 der
2435 1512 2630 1550 Abänderung
2663 1512 2709 1542 der
2741 1504 3005 1546 Dampfschiffkurs«
3032 1507 3094 1535 von

2154 1560 2275 1598 Flütlen
2297 1557 2362 1596 nach
2380 1556 2498 1597 Luzern.

2212 1608 2290 1638 Dem
2307 1606 2381 1643 Hrn.
2404 1601 2639 1642 Geschäftsagent
2658 1598 2813 1633 Wunderlt
2825 1597 2896 1628 wird
2911 1595 2968 1633 sein
2981 1593 3092 1628 Patent

2157 1652 2300 1686 erneuert;
2329 1648 2424 1685 ebenso
2451 1646 2523 1677 wird
2543 1645 2597 1681 Hr.
2629 1643 2747 1683 Wägeli
2776 1647 2835 1674 von
2863 1636 3014 1670 Truttikon
3045 1636 3093 1666 als

2157 1693 2392 1732 GeschäftSagent
2411 1689 2556 1726 patentirt.

2215 1742 2276 1771 Der
2294 1739 2441 1778 schweizer.
2462 1735 2577 1775 Konsul
2598 1735 2627 1765 iu
2659 1733 2807 1773 Marseille
2834 1729 2926 1765 erhält
2954 1736 2991 1758 an
3023 1720 3096 1764 seine

2158 1779 2454 1821 Unterstützung-kaff«
2483 1779 2562 1810 eine»
2589 1777 2708 1814 Beitrag
2736 1778 2797 1808 von
2823 1774 2862 1805 50
2880 1772 2930 1807 Fr.
2962 1770 3009 1809 für
3035 1770 3091 1800 das

2158 1826 2235 1864 Jahr
2256 1824 2353 1862 1864;
2375 1826 2422 1853 der
2442 1822 2548 1854 Verein
2567 1819 2618 1856 für
2636 1816 2885 1855 Landwirthschaft
2898 1817 2956 1845 und
2970 1813 3098 1845 Garten¬

2160 1870 2217 1899 bau
2239 1867 2289 1904 für
2306 1869 2360 1897 daS
2380 1864 2481 1903 gleiche
2499 1863 2576 1901 Jahr
2595 1863 2674 1894 eineu
2692 1862 2815 1898 Beitrag
2834 1864 2892 1890 von
2913 1857 2972 1888 600
2988 1855 3036 1890 Fr.

2218 1916 2280 1946 Der
2298 1915 2316 1952 §
2339 1913 2395 1944 192
2415 1915 2463 1943 deS
2485 1910 2747 1949 Gemeindegefetze»
2764 1908 2845 1946 sagt:
2868 1904 2955 1943 »Wer
2968 1903 3007 1934 im
3020 1902 3103 1933 Kan¬

2161 1962 2212 1989 ton
2233 1959 2265 1988 in
2286 1959 2359 1987 einer
2380 1958 2485 1986 andern
2506 1956 2553 1984 als
2574 1956 2621 1984 der
2640 1952 2795 1984 Gemeinde
2814 1950 2902 1985 seine»
2923 1947 3102 1981 Wohnortes

2164 1997 2430 2035 Grundeigenthum
2452 2000 2491 2027 im
2520 1995 2634 2032 Werthe
2665 2000 2722 2026 von
2742 1992 2821 2024 5000
2838 1992 2888 2026 Fr.
2921 1987 3019 2027 befitzt,
3051 1988 3104 2024 hat

2163 2044 2210 2079 für
2227 2045 2280 2071 den
2300 2039 2481 2078 betreffenden
2501 2037 2601 2073 Werth
2623 2037 2689 2072 nach
2709 2036 2809 2074 Abzug
2829 2037 2876 2064 der
2902 2031 3009 2067 darauf
3036 2030 3101 2065 haf¬

2163 2086 2265 2116 tenden
2286 2083 2421 2121 Passiven
2443 2090 2480 2110 an
2501 2081 2544 2111 die
2566 2081 2694 2119 dortigen
2713 2074 2978 2112 GemeindSiastru,
3009 2071 3108 2110 soweit

2157 2126 2213 2166 lich
2234 2125 2370 2162 dieselben
2391 2124 2443 2159 auf
2455 2126 2507 2154 daS
2525 2122 2751 2160 Etraßenwrsen,
2772 2120 2824 2155 auf
2837 2119 2917 2155 Ufer-
2939 2118 2998 2147 und
3012 2113 3106 2151 Fluß-

2166 2172 2269 2200 bauten
2291 2167 2423 2207 beziehen,
2447 2166 2531 2204 gleich
2551 2171 2602 2195 den
2623 2164 2740 2200 daselbst
2769 2156 2943 2197 wohnenbeti
2971 2158 3106 2196 Bürgern

2165 2212 2353 2250 bktzutragen.
2396 2210 2533 2247 Dagegm
2552 2205 2587 2244 ist
2605 2209 2652 2238 der
2670 2206 2830 2245 betreffende
2850 2199 3106 2239 VermögenSthetl

2166 2258 2225 2285 von
2254 2253 2344 2289 diesen
2373 2250 2536 2289 Leistungen
2564 2251 2605 2280 im
2631 2248 2779 2286 Wohnort
2806 2249 2856 2277 de»
2884 2242 3106 2282 EigenthümerS

2167 2296 2332 2333 steuerfrei."
2353 2310 2391 2317 —
2411 2293 2483 2324 Nun
2504 2291 2619 2331 entsteht
2638 2293 2680 2328 oft
2710 2291 2823 2325 Streit,
2853 2288 2970 2324 welchen
3003 2281 3105 2320 Werth

2169 2340 2213 2369 ein
2234 2338 2339 2375 solches
2360 2335 2533 2371 Grundstück
2553 2336 2632 2368 habe.
2674 2334 2758 2369 Diese
2778 2332 2867 2370 Frage
2888 2331 2919 2367 ist
2947 2328 3010 2358 aber
3035 2327 3102 2362 nach

2169 2381 2326 2418 konstanter
2345 2379 2453 2413 PrariS
2475 2379 2547 2414 nicht
2566 2378 2648 2414 durch
2669 2378 2711 2407 die
2731 2370 3104 2411 Administrativbehörden,

2169 2425 2288 2462 sondern
2307 2422 2388 2460 durch
2409 2423 2453 2452 die
2473 2421 2598 2457 Gerichte
2618 2429 2651 2459 zu
2669 2419 2846 2456 entscheiden.

2227 2471 2286 2501 Die
2305 2470 2402 2508 Frage,
2427 2470 2462 2500 ob
2482 2469 2603 2503 Jemand
2634 2464 2901 2503 Grundeigeaihum
2934 2464 2975 2492 im
3006 2461 3104 2492 Sinne

2170 2518 2219 2545 deS
2238 2518 2257 2551 z
2279 2513 2335 2544 192
2354 2516 2401 2544 des
2422 2511 2685 2550 GemeindegesetzeS
2706 2509 2784 2544 habe,
2807 2509 2878 2538 wird
2893 2502 3103 2543 ausschließlich

2173 2558 2225 2595 auf
2243 2556 2413 2593 Grundlage
2434 2558 2479 2585 der
2510 2552 2823 2588 Notariatsprotokolle
2852 2548 3037 2586 entschieden;
3071 2548 3101 2575 eS

2173 2603 2242 2630 wird
2267 2599 2353 2635 daher
2372 2600 2413 2628 die
2435 2598 2588 2630 Gemeinde
2609 2596 2741 2626 Dürnten
2762 2595 2816 2624 mit
2842 2588 2927 2628 ihrer'
2947 2590 3112 2625 Forderung

2173 2644 2226 2678 auf
2243 2642 2435 2679 Besteuerung
2467 2641 2542 2671 eines
2570 2640 2702 2678 dortigen
2730 2635 2896 2676 Bergwerks
2926 2631 3108 2671 abg-wieftn,

2171 2687 2208 2714 da
2228 2686 2283 2714 daS
2303 2683 2387 2718 Recht
2406 2690 2455 2721 zur
2474 2681 2667 2719 Ausbeutung
2686 2684 2732 2711 der
2751 2676 2959 2714 Braunkohlen
2978 2673 3053 2711 nicht
3066 2673 3108 2702 im

2173 2726 2487 2763 NotariatSprvtokolle
2508 2725 2684 2763 eingetragen
2705 2724 2747 2760 ist.
3048 2723 3081 2744 'ir,

2231 2776 2309 2805 Neue
2334 2772 2526 2810 Echulhäufer
2549 2771 2639 2807 haben
2670 2770 2770 2809 gebaut
2798 2769 2842 2799 die
2875 2764 3112 2804 Schulgenoffeu-

2174 2819 2256 2856 schast
2276 2814 2543 2853 Kirchbühl-Stäfa
2562 2814 2617 2844 mit
2644 2821 2684 2845 ca.
2705 2812 2810 2850 77,000
2830 2811 2897 2848 Fr.;
2926 2809 3039 2843 Laupen
3061 2805 3115 2836 mit

2174 2871 2214 2893 ca.
2235 2860 2347 2895 26,030
2365 2858 2433 2897 Fr.;
2455 2856 2653 2896 Aeugsterthal
2672 2857 2725 2887 mit
2745 2864 2786 2886 ca.
2806 2853 2915 2889 24,500
2934 2844 2996 2888 Fr'.;
3016 2848 3115 2885 Kirch-

2173 2903 2355 2941 bühl-Ltäfa
2374 2900 2467 2938 erhält
2484 2900 2564 2931 4000
2583 2899 2645 2935 Fr>,
2667 2899 2779 2933 Laupea
2800 2897 2876 2930 3000
2896 2898 2955 2926 und
2970 2892 3111 2931 Aeugster¬

2173 2947 2238 2983 thal
2258 2945 2336 2976 3500
2355 2945 2402 2980 Fr.
2423 2942 2654 2981 Staatsbeitrag.
2695 2941 2767 2973 Eine
2789 2938 2908 2977 einfache
2927 2936 3034 2967 Steuer
3056 2939 3115 2965 von

2176 2990 2192 3021 1
2213 2997 2261 3027 p;r
2282 2987 2369 3019 Mille
2390 2986 2470 3021 wirft
2489 2985 2520 3016 in
2541 2985 2628 3024 letzter
2649 2984 2800 3017 Gemeinde
2829 2983 2895 3013 dloS
2915 2979 2972 3011 212
2993 2978 3041 3014 Fr.
3064 2977 3111 3006 ab.

2176 3032 2287 3068 Ebenso
2309 3030 2400 3068 erhält
2420 3027 2709 3066 Weilhof-Senuhof
2726 3036 2762 3056 an
2792 3024 2837 3056 die
2863 3023 2967 3061 Kosten
2995 3024 3041 3051 der
3059 3019 3117 3050 Er¬

2176 3074 2331 3112 weiterung
2351 3076 2399 3104 des
2420 3070 2699 3111 gemeinschaftlichen
2719 3067 2912 3106 SchulhauseS
2933 3065 3014 3095 eine»
3041 3063 3115 3093 Bet-

2180 3176 2251 3204 1700
2272 3174 2321 3209 Zu
2338 3169 2733 3206 Groningen^rrblickte
2755 3168 2823 3199 das
2838 3166 2927 3199 Licht
2943 3167 3003 3194 der
3020 3161 3120 3195 Welt

2270 3212 2401 3245 Dauiel
2427 3211 2640 3246 Bernoulli,
2667 3217 2710 3239 em
2730 3209 2813 3242 Sohn
2832 3210 2879 3238 de«
2898 3204 2998 3241 große»
3018 3204 3120 3236 Basler

2270 3252 2494 3286 Mathematiker«
2505 3251 2652 3287 Johanne«
2664 3247 2818 3281 Bernoulli.
2841 3248 2885 3284 Ja
2896 3246 2993 3279 seinem
3005 3244 3121 3277 sechsten

2270 3292 2438 3327 Alterejahre
2463 3291 2515 3321 mit
2541 3289 2630 3324 feinen
2648 3289 2743 3322 Eltern
2761 3289 2828 3320 nach
2847 3286 2927 3320 Bafel
2944 3282 3122 3315 beiwäekehrt

2272 3334 2368 3366 erhielt
2386 3340 2414 3363 er
2432 3337 2484 3361 von
2504 3330 2603 3364 feinem
2621 3332 2707 3362 Vater
2727 3327 2881 3361 Unterricht
2896 3326 2927 3356 in
2946 3325 2994 3355 der!
3011 3323 3125 3355 Mathe,

2271 3371 2373 3407 matik;
2400 3371 2464 3403 sonst
2492 3378 2550 3401 war
2578 3377 2606 3400 er
2633 3370 2677 3403 für
2703 3369 2744 3400 die
2768 3364 2953 3403 ArzNeikaade
2980 3362 3122 3394 bestimmt.

2274 3413 2367 3448 Dieser
2392 3412 2434 3447 lag
2459 3419 2488 3441 er
2515 3411 2559 3445 seit
2585 3409 2652 3438 1718
2672 3411 2698 3439 in
2716 3408 2872 3445 Heidelberg
2896 3409 2944 3439 ob;
2972 3404 3002 3434 in
3021 3399 3128 3436 Straß»

2272 3454 2341 3488 bürg
2367 3449 2490 3482 widmete
2516 3457 2546 3479 er
2570 3448 2617 3482 sich
2645 3449 2718 3480 dann
2746 3449 2794 3478 der
2821 3444 2967 3479 Anatomie
2992 3441 3052 3472 und
3078 3442 3126 3469 der

2274 3489 2542 3526 Wundarzurlkunst.
2588 3489 2662 3521 Aber
2691 3492 2740 3519 da«
2766 3487 2882 3522 Vorbild
2909 3485 2997 3518 seine«
3022 3482 3128 3515 Vater«

2274 3536 2331 3564 und
2357 3533 2432 3563 eine«
2459 3532 2545 3559 altern
2566 3529 2691 3561 Bruder«
2719 3527 2806 3560 lenkte
2834 3528 2880 3560 ihn
2908 3530 3004 3555 immer
3031 3521 3129 3551 wieder

2277 3581 2309 3609 zu
2329 3575 2379 3603 den
2398 3568 2628 3603 mathematischen
2648 3570 2702 3599 und
2720 3567 2915 3605 physikalischen
2934 3561 3078 3597 Studien,
3096 3561 3129 3590 in

2276 3614 2368 3643 denen
2385 3618 2414 3642 er
2430 3611 2516 3644 später
2534 3610 2561 3643 so
2579 3609 2768 3642 Bedeutende«
2786 3608 2901 3644 geleistet
2919 3606 2976 3637 bat.

2188 3660 2258 3689 1763
2276 3659 2329 3697 I»
2346 3656 2502 3691 Poserna
2519 3653 2572 3685 bei
2591 3652 2810 3687 Weißeufel«
2835 3653 2955 3682 wurde
2978 3648 3130 3685 geboren

2278 3702 2325 3729 der
2353 3694 2492 3731 originelle
2519 3696 2604 3732 Job.
2634 3693 2830 3728 Gottfried
2856 3692 3005 3725 Seume.
3052 3684 3129 3719 Sei»

2280 3738 2416 3773 Studium
2444 3736 2492 3766 der
2510 3734 2656 3776 Theologie
2674 3741 2705 3769 zu
2722 3733 2827 3769 Leipzig
2846 3733 2895 3768 gab
2913 3736 2942 3761 er
2959 3732 3012 3760 au«
3029 3725 3132 3758 Abnei¬

2279 3786 2353 3815 gung
2381 3783 2464 3813 gegen
2491 3777 2541 3815 dey
2550 3774 2717 3810 .damalige»
2724 3772 2826 3811 Stand
2845 3771 2925 3805 dieser
2948 3766 3134 3802 Wissenschaft

2280 3820 2331 3853 auf
2344 3819 2402 3848 und
2420 3817 2525 3847 wandte
2543 3813 2590 3848 üch
2608 3815 2675 3849 »ach
2693 3813 2791 3848 Pari«.
2817 3813 2892 3846 Ader
2908 3810 2957 3843 auf
2974 3810 3034 3838 dem
3047 3806 3133 3840 Wege

2227 3855 2237 3894 1
2280 3858 2376 3895 griffen
2397 3854 2443 3888 ihn
2463 3855 2578 3889 hessische
2593 3854 2707 3888 Werber
2724 3855 2774 3889 auf
2790 3856 2848 3884 und
2861 3858 2920 3885 nun
2933 3848 3008 3881 ward
3027 3852 3056 3877 er
3067 3847 3135 3876 »ach

2239 3930 2243 3934 .
2280 3898 2406 3932 Amerika
2424 3894 2592 3932 eingeschlfft.
2615 3894 2800 3931 Heimgekehrt
2816 3896 2870 3924 au«
2884 3890 2996 3924 Eanada
3014 3888 3088 3918 ward
3105 3891 3137 3915 er

2283 3942 2337 3969 >n'e
2350 3937 2494 3971 preußische
2512 3936 2585 3972 Heer
2603 3935 2725 3972 gesteckt,
2742 3935 2817 3965 dann
2835 3932 2900 3964 »ach
2918 3929 3010 3965 Polen
3026 3935 3056 3957 in
3072 3925 3136 3960 rus¬

2282 3980 2356 4014 sische
2367 3974 2473 4009 Dienste
2485 3976 2662 4012 verschlagen,
2678 3976 2736 4007 und
2752 3974 2854 4006 konnte
2871 3971 2919 4003 erst
2930 3970 3018 4007 zuletzt
3035 3965 3136 4002 schrift.

2283 4018 2448 4054 stellerischen
2477 4014 2679 4052 Bestrebung««»
2707 4016 2796 4047 leben.
2841 4009 2934 4047 Außer
2957 4007 3042 4042 durch
3068 4006 3137 4039 diese

2283 4055 2354 4096 sein«
2372 4056 2548 4091 wechselnde»
2566 4054 2711 4091 Schicksale
2730 4055 2758 4087 ist
2777 4061 2806 4085 er
2824 4052 2939 4084 bekannt
2966 4048 3046 4080 durch
3065 4045 3137 4081 seine

2283 4100 2444 4138 gewaltigen
2456 4095 2603 4134 Fußreisen
2621 4099 2680 4128 und
2696 4094 2858 4127 vornemlich
2875 4092 2957 4126 durch
2969 4090 3057 4125 seinen
3076 4086 3138 4122 glü-

2283 4141 2388 4172 beudeu
2407 4136 2467 4173 Haß
2485 4144 2569 4174 gegen
2585 4135 2655 4168 alles
2667 4137 2783 4170 Unrecht
2799 4135 2856 4167 und
2873 4139 2955 4170 gegen
2973 4129 3015 4161 die
3031 4126 3135 4170 Feinde

2284 4179 2490 4215 Deutschland«.
2526 4177 2592 4210 Von
2611 4175 2669 4208 ih«
2686 4176 2752 4211 singt
2771 4176 2813 4206 «in
2832 4170 3008 4207 Trauerlied:

2396 4223 2460 4252 War
2477 4222 2516 4250 ein
2534 4221 2629 4254 Man»,
2649 4222 2690 4250 der
2704 4220 2759 4256 hieß
2778 4220 2819 4249 der
2836 4219 2947 4250 Seume,

2395 4261 2462 4292 weil
2478 4268 2504 4290 er
2520 4268 2570 4291 nur
2584 4262 2625 4291 die
2640 4259 2834 4296 Morgensäume

2398 4299 2529 4335 DeMscher
2544 4298 2652 4336 Freiheit
2666 4298 2712 4335 hat
2726 4297 2821 4334 gesehn.

2441 4368 2453 4386 !'
2469 4367 2472 4372 '
2546 4378 2551 4382 .
2675 4366 2710 4385 7!>,
2719 4366 2733 4377 >'
2921 4354 2937 4369 •"
2952 4362 2967 4377 ;■
2978 4359 2986 4377 f
