1897 2362
358 12 365 25 /

1807 28 1810 29 -
1817 23 1831 38 /

1623 175 1630 198 *
1653 195 1656 198 .

124 302 505 432 IUWM

334 474 346 479 -
409 472 423 483 v
471 475 477 478 •
502 469 507 472 '

129 499 590 616 Zürcher

196 689 500 754 Samstag,

362 907 592 956 Poitug
612 923 631 950 a
651 919 672 950 l.

150 939 300 980 Lissabon
311 959 321 978 /
341 954 422 982 vom
435 954 504 984 <sien
524 953 677 991 Februar.
725 956 842 999 Letzthin
860 959 929 996 fntiD

109 983 181 1014 Van
205 982 255 1015 im!
264 981 435 1023 königlichen
454 990 574 1031 Schatze
600 991 644 1024 ein
665 992 773 1032 Deficit
788 1004 843 1030 von
863 1009 929 1035 ;oo.

109 1017 228 1052 tausend
244 1020 401 1057 Krusaden.
452 1028 532 1061 Man
544 1030 676 1065 entdeckte
695 1030 760 1065 bald
774 1052 784 1070 ,
805 1037 860 1073 baß
887 1037 930 1070 die

109 1055 401 1097 Schlusselbewahrer
433 1067 492 1098 und
520 1067 642 1105 Kaßiere
666 1069 750 1108 dieses
775 1074 851 1107 Geld
880 1075 929 1111 bey

108 1093 199 1139 S^te
211 1100 362 1132 geräumt,
385 1102 446 1134 und
456 1103 499 1134 ein
519 1105 758 1146 Privatkommerz
769 1112 929 1149 vermittelst

109 1130 244 1166 desselben
264 1135 443 1171 angefangen
459 1141 558 1170 Hab««.
608 1144 690 1174 Fünf
702 1147 794 1174 davon
812 1148 929 1177 wurden

106 1165 224 1203 ^gleich
232 1165 379 1209 festgesetzt.
388 1176 508 1205 -^Unler
516 1174 600 1208 ihnen
610 1176 728 1212 befindet
739 1179 787 1214 fich
797 1182 867 1216 auch
880 1183 926 1215 ein

106 1204 183 1243 Herr
197 1212 251 1237 von
268 1206 393 1245 Svuza,
410 1210 458 1243 ein
469 1211 550 1250 Neffe
561 1215 610 1245 deS
626 1213 929 1257 Großschatzmeisters,

106 1243 220 1278 welcher
229 1241 351 1278 darüber
364 1246 389 1280 so
406 1249 586 1287 aufgebracht
603 1255 718 1289 wurde,
736 1257 790 1292 daß
805 1264 834 1288 er
846 1258 924 1292 wirk«

107 1281 159 1318 ttch
176 1281 259 1314 krank
280 1284 412 1317 danieder
431 1288 498 1325 lag,
518 1288 597 1326 Ihre
613 1287 750 1326 Majestät
766 1294 926 1331 liessenihm

109 1320 177 1352 aber
189 1319 275 1356 Trost
285 1321 455 1361 einsprechen
469 1343 476 1359 ,
499 1329 556 1359 und
571 1329 620 1363 ihn
631 1329 796 1367 versichern,
816 1333 869 1369 daß
883 1334 926 1365 die

103 1357 325 1394 Defraudation
338 1361 426 1397 seines
440 1364 545 1402 Ressen
558 1366 652 1397 keinen
663 1366 778 1404 Einsiuß
792 1370 849 1407 auf
865 1371 923 1408 sein

106 1394 251 1434 Schicksal
265 1397 357 1432 habe»
379 1400 452 1436 solle.
494 1403 567 1437 Nun
582 1403 699 1439 befindet
713 1413 742 1437 er
756 1406 804 1443 sich
819 1409 923 1441 wieder

105 1435 150 1468 ein
168 1434 260 1471 wenig
280 1435 373 1473 besser.
412 1439 468 1473 Ein
493 1441 639 1477 englischer
655 1442 825 1478 Kaufmann
837 1448 921 1479 ward

104 1474 175 1510 auch
193 1473 334 1509 arretirt,
358 1477 423 1510 weil
439 1486 466 1510 er
484 1481 539 1511 aus
557 1481 610 1511 den
627 1478 748 1519 Händen
764 1483 817 1516 dev
830 1481 925 1523 könig.

103 1512 191 1547 sichen
205 1512 327 1549 Kaßiere
354 1515 521 1551 Kapitalien
541 1518 709 1555 empfangen
734 1521 819 1557 hatte.
860 1521 924 1556 Der

102 1550 236 1586 Minister
264 1553 314 1582 des
335 1553 484 1586 Londner.
500 1557 595 1595 Hofes
623 1556 729 1592 foderte
750 1567 828 1598 zwar
851 1562 922 1599 seine

100 1589 328 1628 Auslieferung,
346 1591 415 1625 aber
429 1595 500 1630 ohne
519 1595 632 1634 Erfolg.

343 1630 691 1668 Frankreich.

138 1666 242 1702 varis
260 1673 341 1706 vom
363 1678 389 1706 b
409 1672 510 1709 April.
565 1673 706 1710 Beschluß
727 1674 778 1707 des
797 1676 923 1710 Memoi-

101 1705 148 1736 res
173 1711 229 1737 von
250 1705 301 1738 der
325 1707 495 1745 Demotftlle
523 1711 627 1745 Oliva.
680 1711 823 1746 Madame
840 1716 873 1747 de
891 1717 921 1747 la

100 1742 199 1776 Motte
220 1742 277 1780 gab
297 1745 354 1779 mir
373 1747 453 1780 einen
472 1748 578 1782 kleinen
601 1748 658 1785 auf
673 1751 716 1783 die
734 1751 920 1791 gewöhnliche

99 1781 153 1817 Art
174 1782 456 1823 zusammengelegten
472 1787 561 1823 Brief
575 1788 646 1823 ohne
657 1788 826 1827 Aufschrift»
849 1793 919 1828 ohne

98 1819 156 1853 mir
172 1822 264 1854 etwas
280 1828 335 1855 von
356 1824 442 1863 dessen
456 1825 581 1865 Inhalte
597 1834 627 1864 zu
647 1826 738 1865 sagen.
780 1829 838 1867 Ich
849 1838 919 1864 wer»

98 1858 131 1890 de
147 1857 230 1895 Sie,
251 1859 325 1897 sagte
346 1862 393 1899 sie,
416 1864 504 1900 diesen
520 1866 619 1898 Abend
645 1866 674 1897 in
695 1868 746 1898 den
765 1868 843 1905 Pare
856 1867 920 1907 süh.

96 1902 165 1933 rrn,
185 1898 246 1930 und
267 1900 331 1935 Sie
346 1900 434 1938 diesen
456 1903 547 1941 Brief
562 1904 642 1936 einen
663 1905 770 1943 grossen
795 1908 893 1944 Herrn
901 1917 922 1945 >

95 1936 215 1973 welchen
229 1936 290 1971 Sie
306 1939 343 1972 da
355 1941 490 1979 antrrffen
500 1945 629 1979 werben,
643 1940 808 1981 übergeben.
837 1946 916 1984 Zwi¬

94 1973 171 2009 schen
190 1972 241 2011 eilf
252 1977 317 2008 .und
337 1977 424 2015 zwölf
433 1980 491 2016 Uhr
505 1981 585 2019 gieng
607 1982 648 2016 ich
665 1983 719 2015 mit
738 1984 801 2016 dem
818 1985 914 2024 Herrn

96 2012 157 2045 und
168 2008 311 2047 Madame
319 2014 352 2048 de
368 2017 398 2048 la
405 2019 502 2053 Motte
509 2022 587 2057 aus;
602 2020 632 2054 sie
644 2019 755 2057 führten
765 2023 837 2059 mich
849 2031 914 2061 zum

96 2049 191 2087 Pare,
213 2054 270 2082 und
281 2056 317 2084 da
332 2056 451 2094 empfing
464 2058 504 2094 ich
524 2060 584 2092 eine
596 2060 669 2095 Rose
691 2069 744 2093 von
765 2063 812 2094 der
824 2062 913 2101 Hand

94 2087 142 2120 der
159 2089 304 2125 Madame
321 2093 353 2125 de
373 2096 403 2126 la
417 2096 530 2133 Motte-
552 2098 652 2134 welche
667 2101 740 2137 mich
757 2099 913 2139 folgender¬

94 2127 194 2164 maßen
211 2131 338 2166 anrrdetr
352 2139 362 2164 r
388 2135 450 2169 Sie
472 2137 581 2168 werden
595 2136 663 2173 diest
677 2137 752 2174 Rose
771 2141 824 2171 mit
840 2141 911 2177 samt

93 2163 159 2200 dem
175 2166 276 2207 Briefe
294 2169 344 2205 der
361 2170 468 2211 Person
486 2172 652 2215 übergeben,
677 2180 774 2215 welche
794 2179 840 2218 sich
850 2179 911 2220 Ih»

971 918 1395 1003 aSf&f
1413 925 1474 962 ibm
1497 931 1554 958 nur
1575 917 1673 960 dieses
1686 915 1769 954 lägen
1773 922 1786 948 r

973 999 1103 1037 Königin
1115 1001 1188 1034 wird
1199 969 1287 1030 bZhf*
1408 970 1427 1013 5
1428 971 1452 999 U
1466 963 1616 999 bedeuten
1630 953 1695 998 hat.
1722 953 1787 990 Die

972 1009 1030 1073 K
1042 999 1486 1077 2LeWLLL?°N«'?«
1497 1004 1577 1040 leyn,
1592 1006 1644 1034 um
1656 1006 1689 1036 zu
1701 990 1785 1035 sthen,

1015 1053 1029 1070 -
1043 1048 1120 1086 ^vre
1130 1040 1328 1089 ««Brechung
1351 1041 1486 1077 abiaufen
1503 1039 1597 1076 wird;
1624 1036 1659 1074 sie
1672 1035 1704 1071 ist
1725 1036 1784 1067 dt,

974 1077 1033 1109 und
1048 1077 1142 1116 hinter
1149 1077 1251 1120 Ihnen
1259 1095 1269 1115 ,
1289 1080 1435 1123 un^wird
1446 1078 1524 1113 selbst
1538 1074 1654 1150 mit^h

1645 1073 1785 1111 inensprS

973 1115 1047 1150 chen.
1089 1110 1193 1151 Diese'
1205 1117 1296 1155 letzten
1321 1118 1425 1158 Wöxte
1445 1118 1542 1151 batten
1563 1119 1621 1153 auf
1635 1112 1717 1155 mich,
1728 1116 1789 1144 «ne

973 1150 1058 1182 fdlcyc
1073 1153 1229 1184 Wirrung,
1253 1151 1363 1187 vagtch
1376 1151 1446 1184 über
1461 1152 1514 1184 den
1537 1157 1642 1188 ganzen
1660 1150 1724 1184 Lew
1742 1151 1789 1185 zit.

971 1186 1050 1216 Irrte.
1091 1183 1149 1222 Ich
1160 1184 1251 1222 fragte
1259 1186 1438 1223 stammelnd,
1460 1189 1560 1224 welche
1576 1186 1734 1221 Ausdrucke
1746 1186 1788 1223 ich

971 1222 1143 1258 gebrauchen
1160 1223 1259 1259 sollte?
1286 1226 1349 1260 Sie
1362 1217 1468 1265 müssen
1478 1227 1589 1265 allezeit
1597 1226 1678 1265 Jbro
1691 1225 1788 1261 Maze.

972 1258 1023 1296 stät
1033 1261 1134 1298 sagen,
1155 1264 1323 1295 antwortete
1336 1265 1368 1296 de
1381 1265 1411 1297 la
1426 1267 1534 1299 Motte.
1574 1265 1653 1299 Weit
1666 1263 1788 1303 entfernt

970 1296 1060 1333 aber,
1080 1298 1133 1331 mit
1149 1299 1197 1330 der
1213 1297 1340 1339 Königin
1364 1309 1396 1340 zu
1418 1303 1565 1340 sprechen-,
1587 1304 1655 1335 oder
1671 1308 1726 1334 von
1740 1301 1786 1337 ihr

970 1336 1115 1371 angeredet
1130 1343 1164 1373 zu
1176 1338 1311 1374 werden,
1331 1341 1413 1372 ward
1427 1341 1468 1378 ich
1483 1342 1559 1376 ihrer
1574 1341 1650 1378 nicht
1661 1339 1786 1376 rinmahl

971 1373 1101 1410 gewahr;
1121 1374 1204 1406 allein
1220 1375 1250 1407 in
1271 1378 1320 1409 brr
1340 1378 1397 1412 Art
1416 1385 1474 1412 von
1491 1380 1701 1417 Bezauberung
1719 1379 1786 1411 oder

970 1411 1157 1447 Schwindel,
1180 1412 1272 1446 worin
1295 1414 1337 1451 ich
1356 1416 1428 1452 mich
1446 1416 1568 1454 befand,
1589 1417 1704 1458 glaubte
1724 1416 1784 1453 ich,

968 1449 1013 1481 die
1029 1447 1156 1488 Königin
1171 1447 1343 1488 beobachtete
1362 1454 1471 1492 mich..
1496 1454 1565 1489 Wir
1590 1462 1698 1491 waren,
1715 1455 1785 1492 noch

967 1486 1025 1523 auf
1039 1488 1101 1520 dem
1116 1488 1225 1527 Wege,
1247 1491 1293 1522 als
1309 1492 1384 1530 Herr
1395 1494 1428 1525 de
1444 1493 1473 1526 la
1487 1495 1586 1528 Motte
1597 1495 1677 1526 einet»
1685 1493 1785 1528 Mann

966 1524 1082 1562 antraf,
1103 1533 1135 1565 zu
1158 1527 1286 1564 welchem
1301 1537 1331 1562 er
1349 1530 1442 1568 sagte:
1461 1533 1529 1570 ach,
1551 1533 1589 1565 da
1602 1533 1658 1569 stnd
1669 1532 1785 1568 Siejal

968 1563 1011 1597 Es
1034 1570 1097 1597 war
1117 1566 1165 1597 der
1179 1566 1253 1605 Herr
1276 1575 1331 1600 von
1350 1570 1490 1606 Billette,
1528 1572 1579 1603 den
1602 1572 1644 1606 ich
1662 1571 1783 1607 nachher

966 1602 1069 1634 kennen
1089 1603 1190 1635 lernte.
1228 1605 1372 1640 Madame
1389 1609 1423 1641 de
1437 1609 1465 1641 la
1482 1610 1580 1644 Motte
1596 1608 1691 1646 führte
1708 1609 1782 1645 mich

965 1640 1074 1677 darauf
1088 1640 1133 1673 bis
1159 1649 1197 1675 an
1215 1643 1275 1676 eine
1292 1644 1397 1688 Hecke,
1424 1652 1470 1679 wo
1487 1649 1521 1684 sie
1541 1648 1614 1687 mich
1631 1647 1700 1687 ließ,
1722 1647 1782 1681 und

964 1685 1009 1711 wo
1025 1679 1068 1716 ich
1082 1678 1188 1712 bleiben
1202 1681 1297 1720 sollte;
1317 1684 1349 1722 fle
1363 1684 1443 1723 gieng
1461 1686 1571 1724 darauf
1581 1686 1782 1726 zudemgros«

965 1717 1005 1751 sen
1021 1718 1135 1756 Herrn,
1158 1719 1210 1752 mit
1227 1721 1290 1753 dem
1303 1722 1343 1759 ich
1361 1724 1487 1761 sprechen
1501 1725 1587 1763 sollte.
1629 1726 1688 1765 Ich
1706 1725 1780 1760 blieb

961 1756 1017 1794 da;
1037 1758 1084 1788 der
1106 1757 1191 1795 grosse
1204 1759 1281 1798 Herr
1292 1759 1370 1797 stellte
1380 1761 1432 1800 sich
1451 1764 1508 1796 mir
1519 1772 1586 1801 vor,
1607 1767 1695 1799 redete
1705 1765 1779 1803 mich

961 1795 1016 1828 mit
1033 1794 1107 1827 einer
1128 1796 1323 1838 Verbeugung
1344 1808 1398 1837 an,
1419 1801 1572 1840 während,
1592 1803 1647 1840 daß
1667 1802 1778 1839 Mada.

961 1840 1009 1866 me
1022 1834 1054 1866 de
1069 1834 1098 1866 la
1119 1834 1218 1868 Motte
1234 1837 1324 1876 einige
1347 1839 1480 1876 Schritte
1503 1842 1596 1874 davon
1620 1849 1669 1879 zur
1688 1843 1777 1878 Seit«

959 1870 1057 1908 stand,
1077 1873 1135 1904 und
1151 1875 1203 1907 den
1218 1875 1343 1911 Auftritt
1355 1886 1387 1917 zu
1404 1877 1572 1915 beobachten
1586 1881 1682 1919 schien.
1712 1885 1774 1928 Ich

959 1910 1052 1948 wußte
1074 1911 1161 1947 nicht,
1181 1919 1240 1946 wer
1265 1915 1349 1954 diestr
1369 1918 1457 1957 grosse
1476 1919 1553 1958 Herr
1569 1925 1649 1956 war,
1668 1927 1786 1961 undvb'

958 1955 1028 1981 man
1047 1950 1105 1982 mir
1119 1949 1205 1988 gleich
1228 1952 1314 1991 sagt,
1349 1955 1405 1994 daß
1422 1959 1454 1989 es
1482 1960 1530 1989 der
1552 1957 1776 2005 Cardinal-von

957 1987 1066 2024 Rohan
1091 1995 1168 2025 war,
1191 1990 1218 2026 so
1234 1993 1305 2031 weiß
1322 1993 1365 2032 ich
1385 1996 1461 2032 doch,
1474 1997 1542 2033 noch
1555 1999 1646 2035 nichts
1662 2005 1773 2039 davon:

955 2034 1025 2059 man
1048 2026 1126 2062 hatte
1141 2028 1213 2065 ohne
1228 2029 1347 2068 Zweifel
1366 2033 1424 2067 eine
1442 2035 1574 2073 begneme
1586 2036 1651 2077 Zeit
1668 2046 1701 2081 zu
1716 2045 1772 2080 die»

956 2065 1012 2101 sein
1025 2065 1161 2102 Austritte
1177 2083 1186 2101 ,
1213 2071 1328 2107 welcher
1344 2071 1373 2104 in
1396 2073 1443 2105 der
1464 2072 1577 2112 größten
1598 2079 1781 2122 Dunkelheit'

955 2103 1094 2141 begraben
1119 2107 1229 2140 werden
1246 2110 1357 2147 mußte,
1379 2110 1499 2148 erwählt
1507 2123 1516 2150 ;
1538 2115 1581 2147 die
1601 2117 1697 2158 Nacht
1706 2130 1773 2158 war
1780 2119 1789 2125 '

954 2143 1061 2180 finster,
1083 2145 1153 2180 ohne
1168 2147 1218 2178 den
1238 2149 1391 2187 geringsten
1412 2152 1614 2193 Mondschein,
1646 2163 1704 2193 und
1724 2162 1769 2200 ich

951 2182 1048 2218 konnte
1063 2183 1152 2223 nichts
1162 2200 1172 2223 ,
1193 2186 1240 2220 als
1260 2188 1315 2222 mir
1330 2187 1462 2225 bekannte
1480 2191 1617 2232 Personen
1630 2201 1686 2234 und
1706 2202 1768 2238 Ge.
