3875 5551
112 69 190 123 M
228 65 360 130 327.
436 66 642 141 Erstes
676 71 882 138 Blatt.

1518 77 2050 156 NeuimndsjiWgster
2086 84 2372 161 Jahrgang.

2904 90 3240 170 Mittwoch,
3276 98 3372 162 1«.
3408 99 3560 171 AM
3596 103 3742 168 1879
3740 144 3764 170 .

265 721 785 758 rrbonneirrentSpretse.

651 769 771 792 »Monat«.
801 770 814 791 6
823 770 922 793 Monat«,

112 805 208 836 xilri»
220 807 290 831 (wenn
304 805 338 828 kie
352 805 447 833 Altung
461 805 557 833 abgeholt
571 807 637 831 wirb)
664 806 702 834 Fr.
719 809 774 829 5.50
799 806 838 833 Fr.
853 807 884 828 I«.
895 817 924 823 —

114 834 226 861 Schwei»
241 833 368 860 iBeftellung
383 833 438 855 beim
453 834 591 860 Pojkbureou)
607 849 613 855 .
643 849 647 854 .
678 849 686 858 .
719 835 739 857 e.
749 835 774 855 75
813 849 823 859 .
854 835 884 855 12.
894 835 923 856 i#

139 862 173 885 ko.
202 861 279 886 (direkt«
290 860 413 887 ®«n«Bung
427 860 459 882 bei
474 861 508 883 der
523 861 649 887 Erpebitio»

203 888 248 910 und
257 887 328 915 ve»ug
343 889 405 909 unter
419 888 581 914 Prioatabrege)
603 905 610 911 .
639 904 645 910 .
673 904 682 914 .
714 889 772 912 7.5»
810 904 820 915 ,
850 890 881 911 14.
896 899 923 905 —

111 916 314 944 Deutschland
328 914 458 942 (Bestellung
473 916 527 938 beim
542 916 646 942 Postamt)
660 915 704 939 Mk.
713 918 736 938 7.
745 918 771 938 Sb

112 943 410 973 Vesterreich-Ungarn
421 942 620 969 (Best.».Postamt)
629 943 735 970 fl.b.W.r.
747 945 772 966 »1

113 975 194 998 Kran
204 971 290 997 kreich,
301 970 409 995 Italien
420 970 464 992 und
475 970 548 998 übrige
557 971 651 993 Ltaaten

203 999 240 1021 kt«
255 997 501 1024 «rltpostvereinS
516 998 599 1024 (kiwtte
612 998 652 1021 Be-

205 1026 292 1055 »ellang
307 1025 339 1048 bei
352 1025 387 1048 der
403 1025 537 1053 Erpebition)
573 1042 579 1048 .
608 1042 614 1049 .
644 1041 652 1050 .
665 1028 704 1056 Fr.
711 1029 781 1052 11.«
805 1029 843 1058 Kr.
857 1031 889 1052 JS.
900 1041 926 1048 -

1113 841 1914 1070 schmizmschks
1977 849 2746 1065 jnhbHilt

3092 755 3347 791 Insertion
3358 757 3572 791 Sgebühr.

3264 802 3404 828 Annonce»:

2927 826 2973 853 Für
2986 826 3018 849 bl«
3033 827 3123 855 Schwei»
3137 829 3163 849 20
3173 827 3221 855 Rp.,
3237 828 3272 855 für
3286 831 3326 850 das
3336 829 3438 851 Ausland
3447 830 3474 851 25
3483 828 3528 856 91p.
3543 830 3590 852 oder
3603 831 3631 854 20
3640 831 3744 859 Pfennig«

3202 861 3237 882 per
3252 856 3393 883 fechofpLltige
3404 857 3469 882 Aile.

3063 883 3190 910 Zlectamen
3204 889 3231 905 :c.
3247 884 3321 908 (unter
3335 883 3381 904 dem
3394 883 3605 912 Nidaltlonöstrich):

3126 913 3153 932 50
3167 910 3208 937 !Kp.
3223 915 3259 937 per
3273 910 3409 937 oierfpallige
3427 911 3542 939 Petit,eile.

2926 935 3024 963 Fnferate
3039 938 3083 960 und
3093 938 3206 960 Reclamen
3216 938 3261 965 stnd
3272 937 3408 964 ein,u,'enden
3428 943 3456 959 an
3465 939 3498 961 die
3511 940 3744 969 Annonceneipebitlou

2927 966 2968 985 don
2989 963 3067 987 Orell
3085 964 3170 992 Füstli
3188 965 3207 987 &
3226 965 3280 987 Sie.
3300 964 3329 986 in
3349 964 3446 991 Zürich
3469 966 3514 988 und
3534 967 3615 989 werden
3630 970 3689 994 durch
3705 970 3746 993 all»

3042 992 3131 1021 übrigen
3145 992 3259 1014 bekannten
3275 992 3487 1021 Annoncenbureau;
3505 995 3629 1019 vermirtelt.

3123 1019 3196 1042 Vrei»
3210 1021 3249 1043 der
3264 1019 3382 1047 «lnzekne»
3397 1021 3550 1049 Hlnmmeru:

2994 1047 3091 1074 Einfach«
3112 1048 3139 1069 10
3153 1047 3200 1073 Rp.,
3222 1048 3263 1069 mit
3277 1047 3366 1075 Beilage
3384 1048 3410 1070 15
3424 1048 3473 1075 Sip..
3495 1050 3591 1077 doppelt«
3606 1054 3633 1075 20
3647 1052 3689 1080 Np.

168 1124 380 1178 Tägkich,
411 1123 505 1166 mit
534 1125 845 1180 Ausnahme
872 1128 957 1170 -es
984 1129 1267 1185 Sonntags,
1298 1133 1603 1187 zweimerkige
1629 1134 1886 1188 Ausgabe.

2121 1138 2349 1190 Würeau
2380 1142 2466 1183 der
2493 1141 2809 1193 Weöcrktion:
2851 1145 3190 1202 Wvunngcrsse
3217 1148 3322 1201 Hlr.
3351 1152 3382 1189 2
3412 1149 3470 1191 in
3498 1147 3690 1203 Zürich.

266 1262 836 1327 Tagesbericht

429 1342 496 1371 vom
523 1340 575 1371 15.
599 1338 682 1377 Juli.

179 1392 320 1433 Nachdem
344 1392 391 1425 der
417 1392 606 1433 deutsche
630 1392 779 1436 Reichstag
794 1393 862 1434 nach
885 1394 987 1436 langer

113 1438 291 1482 mühevoller
331 1438 390 1471 und
431 1437 653 1479 wahrscheinlich
685 1439 755 1479 auch
787 1440 987 1473 undankbarer

115 1486 217 1522 Arbeit
254 1483 601 1525 auSrinandergegangen,
642 1484 812 1526 konzentrirt
848 1484 898 1526 sich
936 1486 989 1519 das

117 1529 270 1574 öffentliche
292 1528 382 1562 Leben
407 1528 456 1561 des
480 1529 590 1563 Landes
614 1529 687 1570 nicht
711 1530 790 1571 mehr
814 1530 846 1562 in
868 1531 986 1569 Berlin,

118 1587 185 1612 man
210 1574 288 1615 wirft
301 1574 369 1615 auch
392 1574 495 1607 wieder
508 1574 600 1608 Blicke
623 1574 689 1615 nach
714 1576 767 1609 den
782 1575 989 1616 verschiedenen

120 1621 323 1664 Einzelstaaten
348 1620 408 1652 und
433 1620 606 1661 Provinzen.
633 1621 678 1654 So
704 1630 819 1663 erregen
842 1621 922 1662 heute
946 1621 989 1654 die

122 1665 310 1709 Verhältnisse
326 1666 375 1697 der
386 1665 628 1699 ultramontanen
641 1666 742 1708 Partei
764 1667 797 1699 in
820 1667 850 1700 B
863 1676 880 1699 a
892 1666 903 1700 i
917 1677 930 1700 e
942 1676 958 1699 r
969 1676 989 1700 n

121 1716 215 1755 unsere
237 1710 495 1751 Aufmerksamkeit,
532 1711 632 1752 welche
665 1711 825 1753 allerdings
859 1712 914 1746 mit
937 1713 989 1745 den

124 1758 248 1804 jüngsten
271 1756 591 1799 Parteigruppirungen
615 1756 657 1790 im
679 1757 847 1798 Reichstage
879 1759 989 1798 Zusam¬

126 1804 304 1845 menhängen,
343 1801 411 1834 aber
435 1801 493 1834 eine
518 1812 589 1843 ganz
627 1802 855 1844 eigentümliche
878 1801 990 1843 Gestalt

129 1849 286 1889 annehmen.
336 1846 408 1886 Daß
430 1847 553 1888 nämlich
585 1848 640 1880 das
662 1848 806 1887 Zentrum
830 1848 861 1881 in
882 1848 989 1882 Berlin

126 1897 174 1936 auf
194 1892 371 1928 Bismarck's
394 1891 478 1925 Seite
502 1895 635 1934 getreten,
663 1892 766 1935 behagt
800 1894 849 1926 der
886 1895 988 1934 extrem

121 1939 269 1980 römischen
304 1937 449 1978 Richtung
483 1938 558 1977 nicht
591 1938 634 1971 im
658 1937 837 1981 Geringsten.
883 1939 925 1973 Es
957 1939 990 1979 ist

122 1994 178 2022 von
200 1984 275 2027 jeher
310 1983 355 2016 ein
379 1982 541 2024 Grundzug
564 1984 605 2016 im
630 1983 781 2024 Charakter
817 1985 865 2017 des
888 1984 990 2018 Ultra¬

121 2030 349 2066 montanismus,
374 2028 432 2068 daß
457 2037 484 2060 er
507 2028 558 2069 sich
571 2029 623 2068 auf
647 2029 697 2062 das
710 2030 785 2064 Volk
809 2030 893 2071 stützt,
919 2030 991 2071 ohne

121 2078 210 2119 besten
235 2073 418 2115 Gläubigkeit
447 2082 475 2105 er
496 2073 528 2114 ja
562 2074 724 2115 überhaupt
759 2075 834 2115 nicht
867 2074 991 2117 bestehen

120 2125 202 2161 kann,
228 2120 287 2153 und
310 2120 340 2159 so
362 2120 471 2152 können
493 2119 556 2160 ihm
578 2120 854 2162 unvolksthümliche
875 2120 990 2154 Anord¬

121 2176 237 2209 nungen
259 2166 319 2199 und
344 2164 568 2206 Einrichtungen
590 2165 716 2199 niemals
741 2165 871 2207 gefallen.
921 2165 991 2206 Daß

120 2224 155 2256 zu
178 2211 284 2254 solchen
320 2211 373 2242 das
409 2219 478 2242 neue
501 2210 650 2251 Zollgesetz
683 2211 744 2244 und
779 2211 827 2243 der
850 2210 991 2252 Zolltarif

121 2259 253 2302 gehören,
276 2255 375 2294 bedarf
398 2255 488 2288 keines
511 2255 694 2296 Nachweises.
732 2256 802 2289 Eine
826 2255 989 2298 Maßregel,

121 2304 204 2344 durch
239 2301 338 2341 welche
368 2300 423 2333 das
446 2300 520 2333 Volk
555 2301 768 2343 benachtheiligt
802 2302 883 2339 wird,
920 2302 991 2342 muß

121 2352 183 2383 dem
208 2346 433 2381 Klerikalismus
464 2344 560 2387 ebenso
594 2346 716 2387 zuwider
751 2347 808 2386 sein
842 2347 894 2380 wie
929 2347 991 2380 dem

121 2393 334 2435 Sozialismus.
381 2390 453 2430 Daß
476 2390 529 2423 das
553 2391 693 2430 Zentrum
730 2392 815 2432 dieser
838 2392 992 2433 Maßregel

121 2439 298 2483 zugestimmt
309 2436 369 2478 hat,
394 2436 500 2469 nimmt
523 2436 583 2477 ihm
599 2436 690 2476 seinen
704 2437 992 2477 populär-llerikalen

123 2485 284 2527 Charakter,
321 2481 380 2515 und
419 2481 475 2521 daß
510 2482 559 2514 der
593 2482 810 2515 ultramontane
845 2482 917 2516 Adel
952 2483 993 2515 im

121 2531 273 2571 Reichstag
294 2525 380 2567 durch
404 2527 458 2559 das
479 2527 586 2568 Organ
609 2528 659 2559 deS
680 2527 778 2568 Herrn
802 2532 861 2560 von
884 2527 992 2568 Schor-

121 2574 286 2615 lemer-Alst
311 2577 341 2605 es
364 2575 466 2613 wagte,
495 2571 702 2613 geringschätzig
728 2578 784 2605 von
808 2572 871 2605 dem
897 2574 992 2614 „söge-

121 2623 250 2656 nannten
273 2627 373 2652 armen
396 2618 516 2651 Mann"
556 2627 589 2658 zu
621 2616 754 2658 sprechen,
790 2617 825 2658 ist
859 2618 992 2658 geradezu

123 2669 169 2701 ein
202 2664 383 2705 Faustschlag
420 2671 504 2704 gegen
538 2663 582 2695 die
615 2662 775 2703 katholische
798 2662 897 2703 Kirche
932 2663 991 2696 und

123 2709 292 2750 namentlich
329 2718 415 2749 gegen
444 2708 504 2748 ihre
538 2707 662 2746 soziale,,
683 2708 736 2745 auf
759 2707 997 2748 Wohlthätigkeit

123 2757 266 2796 gerichtete
288 2753 437 2795 Lichtseite.
475 2752 517 2785 Es
539 2751 630 2784 bildet
652 2749 700 2791 sich
724 2751 812 2791 daher
834 2750 938 2785 bereits
962 2752 994 2785 in

125 2800 239 2833 Baiern
263 2800 334 2838 (und
357 2799 400 2830 die
426 2797 549 2838 ohnehin
583 2797 633 2835 für
662 2796 761 2837 soziale
783 2796 897 2837 Fragen
933 2797 993 2838 sehr

127 2843 348 2884 empfänglichen
360 2842 542 2883 Rheinlande
565 2842 674 2874 werden
689 2841 767 2882 wohl
788 2840 858 2874 bald
881 2842 990 2884 folgen)

126 2890 186 2922 eine
211 2889 311 2927 extrem
336 2886 495 2928 katholische
531 2886 589 2918 und
612 2886 758 2928 vorläufig
780 2886 899 2928 zugleich
924 2893 991 2927 Par-

124 2931 474 2973 tikularistisch-bairische,
506 2931 606 2972 reichs-
631 2931 689 2964 und
724 2931 992 2972 preußenfeindliche

122 2977 298 3019 Oppofition
324 2986 408 3018 gegen
444 2976 495 3010 das
519 2977 661 3017 Zentrum
687 2982 743 3011 aus
777 2978 839 3010 und
872 2978 906 3018 sie
942 2978 992 3018 hat

122 3026 204 3066 ihren
231 3022 316 3063 ersten
342 3022 444 3063 Erfolg
478 3022 580 3055 bereits
603 3022 636 3055 in
660 3022 705 3055 der
737 3032 784 3055 am
811 3025 863 3055 12.
887 3022 914 3056 d.
941 3024 990 3056 M.

122 3081 157 3112 zu
192 3067 337 3108 Kemnath
373 3067 612 3108 stattgefundenen
648 3068 739 3109 Wahl
772 3068 820 3101 des
854 3068 993 3109 Pfarrers

126 3113 272 3155 Schäffler
293 3113 325 3145 in
350 3112 401 3144 den
426 3112 575 3153 bairischen
599 3113 727 3155 Landtag
751 3123 784 3154 zu
808 3113 991 3155 verzeichnen,

120 3159 222 3200 welche
255 3158 309 3191 mit
347 3159 411 3189 107
449 3167 533 3200 gegen
570 3160 611 3190 18
637 3159 785 3192 Stimmen
819 3168 855 3198 zu
877 3159 993 3193 Stande

121 3207 194 3239 kam.
243 3203 342 3243 Dieser
365 3202 467 3236 Mann
491 3203 594 3237 Gottes
622 3204 681 3245 hat,
718 3214 769 3237 um
791 3204 860 3245 auch
884 3204 915 3237 in
940 3204 992 3237 den

120 3250 273 3291 Reichstag
292 3257 327 3289 zu
351 3248 498 3289 gelangen,
535 3250 566 3281 in
590 3249 654 3282 dem
676 3255 731 3284 von
756 3249 815 3290 ihm
840 3249 992 3291 redigirten

120 3294 270 3336 religiösen
293 3293 506 3333 Wochenblatte
534 3296 621 3333 „Das
637 3295 748 3336 Kreuz"
776 3295 921 3336 folgendes
946 3295 990 3329 in¬

120 3341 268 3382 teressante
297 3340 475 3380 Programm
510 3340 683 3381 aufgestellt:
738 3342 786 3379 „1.
811 3340 867 3380 Ich
901 3341 992 3374 werde

119 3389 162 3420 im
185 3383 361 3425 Reichstage,
385 3385 439 3424 auf
461 3384 523 3419 dem
547 3385 777 3427 Syllabus
800 3385 914 3425 fußend,
953 3395 992 3418 an

119 3434 174 3465 den
188 3429 377 3469 Grundsätzen
400 3430 460 3461 und
484 3430 603 3471 Rechten
629 3431 676 3464 der
697 3430 878 3472 katholischen
891 3431 991 3471 Kirche

117 3475 278 3518 festhalten.
317 3476 346 3505 2.
371 3474 427 3513 Ich
451 3477 540 3508 werde
564 3477 667 3509 keinem
689 3476 846 3518 Beschlüße
867 3475 991 3517 beistim¬

118 3531 195 3559 men,
222 3520 270 3552 der
293 3518 337 3550 die
361 3518 461 3558 Rechte
482 3522 596 3561 unseres
607 3522 802 3556 Vaterlandes
826 3522 991 3555 Baiern

117 3568 192 3601 über
230 3564 273 3596 die
305 3562 541 3606 Bestimmungen
578 3567 625 3599 der
661 3567 816 3608 Versailler
851 3567 991 3608 Verträge

117 3613 231 3653 hinaus
256 3608 384 3646 antastet.
428 3610 457 3640 3.
481 3610 536 3650 Ich
559 3613 650 3645 werde
674 3613 715 3646 die
740 3613 791 3653 auf
816 3612 989 3654 gesetzlichem

113 3659 207 3697 Wege
220 3652 476 3693 durchzuführende
487 3655 770 3700 Wiederherstellung
782 3658 831 3690 der
854 3657 989 3690 vollen

118 3697 384 3740 Selbstständigkeit
420 3698 547 3733 Baierns
581 3703 650 3744 nach
674 3704 796 3744 Kräften
834 3702 987 3744 anstreben.

117 3751 150 3780 4.
177 3744 234 3784 Ich
265 3743 355 3776 werde
390 3742 453 3774 dem
477 3744 618 3783 Zentrum
654 3749 692 3782 im
715 3748 881 3790 Reichstage
914 3747 990 3789 nicht

113 3791 263 3825 beitretcn.
310 3786 368 3826 Ich
394 3786 473 3826 halte
506 3789 643 3832 vielmehr
676 3794 719 3827 die
743 3795 877 3835 Bildung
912 3793 989 3826 einer

112 3833 270 3874 bairischen
293 3832 432 3871 Fraktion
456 3833 504 3871 für
528 3835 715 3881 nothwendig.
766 3844 794 3873 5.
820 3839 875 3879 Ich
897 3839 989 3872 werde

112 3881 172 3915 mit
196 3880 258 3912 dem
282 3878 427 3918 Zentrum
462 3877 601 3918 stimmen,
639 3882 666 3921 so
689 3886 731 3923 oft
766 3885 826 3918 und
861 3885 888 3924 so
922 3884 989 3917 weit

113 3929 173 3960 das
190 3924 332 3965 Gewissen
357 3922 413 3955 mir
437 3922 484 3956 als
507 3924 696 3966 katholischem
711 3930 836 3971 Priester
859 3930 916 3962 und
941 3929 989 3962 als

1032 1259 1194 1303 Unterthan
1218 1261 1265 1295 des
1281 1261 1397 1304 Königs
1421 1267 1477 1296 von
1501 1263 1623 1303 Baiern,
1649 1263 1730 1304 sowie
1754 1264 1803 1298 als
1829 1265 1903 1298 Ver¬

1032 1306 1117 1339 treter
1140 1307 1190 1339 des
1213 1307 1453 1348 steuerzahlenden
1465 1308 1572 1342 Volkes
1597 1313 1627 1342 es
1646 1308 1767 1343 erlaubt.
1796 1309 1903 1350 Wahr¬

1033 1350 1088 1388 heit
1112 1351 1170 1384 und
1195 1351 1301 1393 Recht!
1349 1353 1415 1386 Und
1439 1353 1564 1394 Freiheit
1595 1354 1645 1394 für
1666 1354 1822 1396 Wahrheit
1845 1355 1903 1388 und

1034 1396 1157 1437 Recht!"
1209 1398 1275 1432 Das
1299 1397 1442 1438 Zentrum
1465 1399 1633 1441 vrrtheidigt
1655 1400 1706 1441 fich
1729 1400 1813 1440 durch
1845 1401 1902 1441 sein

1034 1441 1239 1483 Hauptorgan,
1274 1442 1317 1475 die
1345 1443 1557 1483 „Germania",
1584 1454 1667 1486 gegen
1694 1444 1738 1479 die
1773 1445 1833 1486 ihm
1857 1455 1903 1487 ge¬

1033 1486 1160 1528 machten
1175 1488 1334 1529 Vorwürfe
1356 1489 1467 1523 mittels
1489 1489 1539 1523 der
1550 1490 1758 1533 Behauptung,
1783 1491 1829 1524 bei
1851 1491 1905 1525 den

1034 1532 1195 1572 schlimmen
1241 1534 1422 1575 finanziellen
1459 1534 1626 1576 Zuständen
1670 1536 1717 1568 der
1763 1536 1906 1577 deutschen

1034 1578 1162 1611 Staaten
1186 1578 1257 1619 habe
1280 1588 1351 1613 man
1374 1589 1432 1613 nur
1455 1580 1500 1612 die
1515 1580 1607 1621 Wahl
1631 1580 1740 1623 gehabt,
1768 1582 1906 1615 entweder

1035 1622 1076 1656 die
1100 1623 1221 1656 direkten
1236 1624 1362 1658 Steuern
1386 1635 1422 1665 zu
1446 1625 1618 1666 verdoppeln
1641 1627 1706 1660 oder
1722 1627 1764 1660 die
1777 1627 1905 1668 Finanz¬

1035 1667 1104 1709 zölle
1152 1669 1346 1711 einzufahren.
1376 1688 1412 1693 —
1440 1671 1506 1704 Aus
1544 1672 1592 1704 der
1630 1672 1905 1706 nationalliberalen

1034 1714 1137 1755 Partei
1159 1715 1221 1755 find
1243 1715 1273 1748 in
1289 1716 1380 1757 Folge
1396 1716 1446 1749 des
1467 1717 1626 1758 gegenüber
1636 1714 1713 1751 Völk
1734 1717 1906 1760 geäußerten

1037 1759 1209 1793 Bedauerns
1234 1761 1274 1792 16
1299 1761 1410 1794 weitere
1433 1762 1603 1802 Mitglieder
1635 1764 1814 1804 ausgetreten
1845 1763 1905 1795 und

1036 1804 1151 1845 dieselbe
1171 1806 1246 1838 kann
1269 1805 1361 1839 damit
1384 1806 1432 1839 als
1455 1807 1485 1840 in
1510 1806 1586 1849 ihrer
1609 1806 1770 1850 bisherigen
1795 1808 1905 1848 Gestalt

1036 1850 1180 1891 aufgelöst
1204 1849 1352 1892 betrachtet
1374 1852 1494 1885 werden.

1104 1895 1170 1929 Das
1196 1895 1381 1937 allgemeinste
1405 1897 1545 1938 Interesse
1572 1897 1661 1938 nahm
1685 1897 1717 1937 in
1740 1898 1906 1937 Frank¬

1036 1940 1140 1981 reich
1163 1941 1319 1983 Sonntags
1343 1942 1386 1975 die
1410 1942 1495 1983 große
1512 1942 1611 1976 Revue
1634 1947 1690 1976 von
1712 1942 1905 1985 Longchamps

1037 1986 1066 2018 in
1090 1986 1247 2027 Anspruch.
1282 1987 1340 2021 Die
1364 1989 1522 2028 Truppen,
1557 1987 1656 2028 welche
1691 1997 1730 2021 an
1765 1988 1905 2029 derselben

1037 2030 1243 2073 theilnahmen,
1266 2032 1415 2074 bestanden
1439 2036 1494 2066 aus
1521 2034 1560 2065 51
1579 2032 1768 2067 Bataillonen
1793 2034 1906 2075 Infan¬

1037 2076 1103 2109 terie
1128 2077 1159 2110 in
1184 2079 1203 2109 3
1229 2077 1399 2117 Kolonnen,
1440 2080 1478 2110 16
1505 2078 1655 2112 Batterien
1678 2078 1828 2112 Artillerie
1851 2080 1906 2112 mit

1038 2123 1078 2154 96
1104 2121 1247 2156 Kanonen
1283 2123 1344 2156 und
1380 2125 1423 2156 39
1447 2122 1663 2162 Schwadronen
1685 2124 1852 2158 Kavallerie
1874 2125 1906 2158 in

1039 2169 1056 2199 5
1080 2167 1252 2206 Kolonnen,
1288 2169 1453 2209 zusammen
1488 2170 1611 2207 22,000
1635 2169 1734 2202 Mann
1769 2170 1830 2203 und
1862 2172 1904 2202 96

1038 2211 1185 2254 Geschütze.
1223 2213 1283 2247 Der
1308 2213 1435 2247 General
1457 2213 1562 2247 Baron
1586 2219 1615 2246 v.
1639 2215 1785 2255 Aymard,
1823 2214 1906 2248 Gou¬

1038 2262 1158 2291 verneur
1192 2263 1249 2291 von
1280 2258 1390 2299 Paris,
1427 2259 1630 2292 kommandirte
1663 2259 1705 2292 die
1739 2260 1905 2301 Heerschau,

1037 2302 1135 2343 welche
1168 2303 1360 2344 ungetheilten
1392 2303 1504 2342 Beifall
1539 2304 1607 2345 fand
1641 2305 1699 2337 und
1731 2305 1818 2347 große
1848 2306 1906 2339 Be¬

1038 2348 1195 2390 geisterung
1230 2348 1395 2390 hervorrief.
1431 2350 1491 2383 Der
1523 2350 1672 2391 Präsident
1694 2350 1741 2383 der
1765 2350 1908 2390 Republik

1037 2393 1086 2433 hat
1110 2393 1178 2434 nach
1205 2393 1317 2435 Schluß
1342 2395 1388 2427 der
1413 2395 1511 2428 Revue
1546 2395 1589 2428 ein
1614 2394 1767 2435 Schreiben
1793 2405 1830 2428 an
1854 2396 1907 2428 den

1039 2437 1272 2480 Kriegsminister
1306 2440 1451 2481 gerichtet,
1485 2440 1518 2472 in
1541 2440 1667 2481 welchem
1691 2450 1721 2472 er
1751 2440 1907 2482 demselben

1038 2482 1109 2523 seine
1134 2484 1340 2527 Anerkennung
1372 2484 1442 2518 über
1465 2485 1507 2518 die
1531 2486 1663 2527 Haltung
1694 2486 1743 2518 der
1766 2487 1907 2526 Truppen

1040 2529 1207 2569 ausspricht.

1105 2575 1246 2614 Nachdem
1269 2574 1312 2608 die
1334 2575 1631 2615 Deputirtenkammer
1653 2585 1701 2608 am
1725 2575 1907 2610 Sonnabend

1038 2618 1089 2651 das
1115 2618 1203 2661 Gesetz
1234 2619 1303 2652 über
1327 2620 1369 2653 die
1392 2621 1633 2662 Reorganisation
1664 2621 1713 2655 des
1736 2622 1886 2655 Staats
1894 2637 1906 2648 -

1038 2672 1053 2696 r
1063 2664 1129 2705 ath
1139 2668 1191 2702 es,
1218 2665 1268 2697 wie
1281 2669 1311 2697 es
1323 2666 1371 2698 der
1382 2667 1479 2699 Senat
1491 2666 1663 2707 beschlossen,
1688 2674 1906 2708 angenommen,

1038 2708 1110 2741 wird
1135 2709 1260 2749 dasselbe,
1281 2718 1345 2742 nun
1360 2711 1401 2742 im
1417 2710 1567 2751 amtlichen
1578 2712 1679 2743 Blatte
1693 2711 1907 2751 veröffentlicht.

1039 2752 1117 2793 Nach
1151 2753 1304 2794 demselben
1339 2754 1413 2787 wird
1447 2755 1490 2787 die
1525 2755 1605 2796 Zahl
1638 2755 1685 2788 der
1719 2756 1908 2796 ordentlichen

1039 2798 1232 2840 Staatsräthe
1253 2804 1310 2832 von
1335 2802 1376 2832 22
1398 2801 1450 2840 auf
1474 2802 1517 2832 32
1542 2800 1650 2841 erhöht.
1678 2802 1740 2834 Der
1756 2801 1908 2842 Ministcr-

1039 2842 1103 2884 rath
1140 2843 1189 2884 hat
1214 2853 1260 2876 am
1286 2846 1338 2878 14.
1363 2845 1390 2877 d.
1417 2845 1465 2878 M.
1503 2845 1607 2879 bereits
1637 2845 1743 2888 sowohl
1774 2847 1819 2879 die
1841 2847 1909 2888 zehn

1039 2897 1130 2920 neuen
1142 2889 1310 2930 Mitglieder
1334 2892 1466 2929 ernannt,
1492 2890 1541 2924 als
1564 2893 1649 2924 unter
1672 2891 1724 2924 den
1746 2892 1909 2934 bisherigen

1041 2933 1133 2974 (meist
1156 2934 1386 2976 legitimistischen
1411 2936 1469 2968 und
1493 2935 1773 2978 bonapartistischen)
1810 2938 1842 2970 in
1865 2947 1908 2970 re¬

1039 2977 1269 3020 publikanischem
1294 2980 1392 3014 Sinne
1416 2981 1486 3020 stark
1510 2982 1702 3024 aufgeräumt.

1105 3025 1164 3057 Am
1190 3027 1243 3058 14.
1259 3025 1346 3064 Juli,
1370 3027 1433 3059 dem
1456 3028 1636 3068 neunzigsten
1659 3026 1836 3069 Jahrestage
1860 3028 1908 3060 des

1039 3069 1426 3111 Bastillensturmes,
1445 3072 1559 3112 feierten
1571 3073 1615 3105 die
1632 3073 1806 3114 Kammern;
1824 3075 1908 3106 unter

1040 3114 1099 3146 dem
1125 3115 1213 3148 Volke
1237 3116 1302 3148 aber
1334 3117 1403 3158 ging
1427 3116 1563 3156 derselbe,
1589 3118 1644 3150 mit
1666 3118 1838 3158 Ausnahme
1861 3119 1909 3151 der

1038 3159 1205 3201 radikalsten
1240 3162 1417 3203 Stadttheile
1450 3168 1508 3196 von
1543 3163 1653 3204 Paris,
1690 3163 1817 3204 ziemlich
1850 3163 1909 3204 still

1039 3205 1169 3238 vorüber.

1104 3252 1167 3284 Der
1189 3251 1279 3293 Prinz
1302 3252 1330 3291 I
1343 3262 1355 3285 e
1367 3263 1382 3285 r
1394 3262 1411 3285 o
1425 3263 1453 3285 m
1466 3263 1478 3285 e
1514 3253 1548 3294 ist
1571 3254 1728 3294 Sonntags
1750 3254 1853 3286 wieder
1875 3254 1908 3286 in

1038 3295 1130 3336 Paris
1154 3297 1333 3338 eingetroffen
1357 3298 1417 3331 und
1440 3298 1489 3339 hat
1513 3298 1584 3338 seine
1608 3298 1703 3331 beiden
1717 3298 1822 3341 Sühne
1845 3305 1900 3338 per¬

1038 3341 1141 3382 sönlich
1163 3342 1195 3374 in
1220 3342 1277 3383 ihre
1301 3343 1426 3384 Pension
1449 3343 1666 3385 zurückgeführt.
1709 3344 1771 3378 Der
1801 3345 1900 3382 „Mor-

1037 3386 1189 3429 ningpost"
1219 3388 1329 3430 zufolge
1363 3389 1442 3430 hätte
1471 3389 1517 3421 die
1539 3389 1671 3430 Kaiserin
1694 3389 1822 3431 Eugenie
1855 3390 1908 3422 den

1038 3431 1160 3473 Wunsch
1192 3433 1387 3473 ausgedrückt,
1425 3434 1474 3467 den
1498 3434 1625 3476 Prinzen
1648 3434 1767 3473 Jerome
1791 3444 1826 3475 zu
1850 3444 1906 3467 em-

1038 3477 1182 3519 pfangen;
1210 3478 1328 3518 derselbe
1352 3482 1429 3512 wäre
1452 3479 1529 3519 aber,
1554 3480 1626 3521 ohne
1641 3480 1690 3520 fich
1707 3488 1757 3520 zur
1773 3480 1907 3521 Kaiserin

1038 3531 1071 3562 zu
1093 3521 1225 3564 begeben,
1249 3523 1316 3564 nach
1340 3525 1458 3557 London
1481 3525 1691 3566 zurückgekehrt.

1103 3569 1171 3601 Das
1195 3568 1325 3610 amtliche
1348 3570 1437 3603 Blatt
1467 3570 1515 3603 der
1545 3569 1742 3611 französischen
1765 3569 1907 3609 Republik

1037 3612 1148 3654 enthält
1170 3614 1250 3646 einen
1265 3614 1381 3655 Bericht
1405 3615 1454 3647 des
1476 3615 1633 3656 Ministers
1657 3615 1702 3647 der
1727 3615 1905 3656 öffentlichen

1036 3657 1188 3696 Arbeiten,
1216 3659 1380 3701 Freycinet,
1407 3670 1446 3693 an
1470 3661 1523 3694 den
1546 3661 1731 3702 Präsidenten
1765 3660 1837 3693 über
1861 3661 1905 3693 ein

1036 3703 1254 3745 merkwürdiges
1276 3706 1399 3747 Projekt.
1425 3706 1466 3739 Es
1489 3705 1608 3745 handelt
1632 3705 1681 3746 sich
1704 3705 1831 3746 nämlich
1855 3715 1905 3738 um

1036 3747 1126 3788 nichts
1162 3748 1350 3791 Geringeres,
1386 3751 1434 3783 als
1469 3760 1521 3784 um
1556 3752 1616 3783 eine
1651 3750 1814 3792 Eisenbahn
1849 3755 1905 3784 aus

1035 3793 1170 3834 Algerien
1193 3794 1276 3835 durch
1293 3796 1337 3829 die
1352 3797 1524 3838 sogenannte
1538 3797 1639 3836 Wüste
1653 3795 1775 3836 Sahara
1793 3796 1905 3837 (welche

1035 3838 1174 3879 durchaus
1209 3840 1282 3880 nicht
1318 3842 1345 3882 so
1369 3842 1442 3881 wüst
1465 3842 1525 3874 und
1549 3841 1648 3882 sandig
1670 3841 1721 3882 ist,
1758 3842 1812 3874 wie
1836 3851 1904 3874 man

1036 3884 1205 3925 gewöhnlich
1223 3885 1336 3927 glaubt)
1362 3887 1431 3927 nach
1454 3887 1515 3920 dem
1532 3887 1726 3928 Nigerstrom;
1751 3887 1795 3919 die
1812 3887 1905 3928 Länge

1036 3931 1080 3961 der
1103 3929 1280 3970 projektirten
1297 3931 1377 3965 Linie
1399 3932 1512 3972 beträgt
1537 3933 1625 3964 2000
1651 3931 1706 3971 (die
1722 3931 1770 3964 der
1781 3932 1897 3972 Pacific-

1948 1265 2024 1308 bahn
2059 1272 2117 1301 von
2140 1267 2302 1310 New-Hork
2336 1270 2405 1311 nach
2430 1270 2501 1304 San
2525 1271 2681 1310 Francisco
2720 1272 2823 1314 6000)

1949 1311 2116 1345 Kilometer.
2153 1314 2220 1348 Das
2236 1314 2349 1355 Projekt
2373 1315 2482 1349 nimmt
2503 1316 2627 1357 zugleich
2652 1317 2711 1349 eine
2728 1317 2824 1357 Eisen¬

1948 1356 2207 1401 bahnverbindung
2222 1359 2351 1400 zwischen
2363 1361 2416 1394 den
2428 1360 2627 1402 französischen
2641 1362 2823 1405 Besitzungen

1950 1411 1998 1435 am
2013 1403 2144 1445 Senegal
2167 1405 2226 1438 und
2248 1405 2312 1437 dem
2327 1405 2416 1448 Niger
2440 1406 2473 1439 in
2497 1406 2637 1448 Aussicht.
2661 1408 2723 1441 Der
2746 1408 2823 1449 Prä¬

1950 1447 2035 1489 sident
2059 1449 2130 1490 setzte
2153 1450 2207 1490 auf
2229 1450 2318 1489 diesen
2334 1450 2448 1491 Bericht
2472 1451 2524 1492 hin
2548 1452 2607 1485 eine
2632 1452 2824 1495 Kommission

1951 1492 2014 1531 ein,
2047 1493 2192 1536 bestehend
2223 1499 2280 1528 aus
2303 1496 2356 1528 den
2380 1496 2558 1537 Ministern,
2595 1498 2658 1530 dem
2682 1497 2825 1532 Grneral-

1950 1543 2129 1579 gouverneur
2152 1545 2210 1573 von
2233 1540 2388 1581 Algerien,
2413 1542 2465 1574 den
2488 1543 2825 1583 Unterstaatssekretären

1951 1583 1998 1616 der
2030 1583 2207 1626 öffentlichen
2229 1585 2365 1620 Arbeiten
2401 1587 2460 1620 und
2496 1587 2545 1620 des
2576 1588 2724 1629 Handels,
2761 1588 2824 1622 dem

1952 1627 2196 1664 Generaldirektor
2216 1631 2263 1663 der
2280 1631 2476 1673 Eisenbahnen
2500 1633 2560 1666 und
2585 1633 2675 1666 vielen
2699 1634 2823 1667 anderen

1951 1674 2141 1715 Mitgliedern
2179 1675 2259 1716 (auch
2284 1676 2394 1717 Lesseps
2427 1677 2551 1718 befindet
2576 1678 2625 1720 fich
2660 1679 2823 1720 darunter),

1951 1719 2006 1752 mit
2026 1719 2074 1752 der
2098 1721 2309 1763 Bestimmung,
2334 1721 2405 1763 diese
2419 1723 2548 1764 Projekte
2570 1733 2606 1765 zu
2621 1724 2747 1765 studiren
2763 1725 2824 1758 und

1952 1764 2170 1805 vorzubereiten.

2018 1810 2080 1844 Der
2104 1810 2229 1851 Khedive
2252 1812 2310 1846 von
2334 1812 2565 1854 Aegypten
2588 1813 2639 1854 hat
2655 1824 2717 1847 nun
2734 1814 2765 1847 in
2782 1815 2825 1848 die

1952 1854 2111 1895 finanzielle
2124 1856 2263 1890 Kontrole
2289 1858 2483 1900 eingewilligt,
2509 1858 2644 1900 verlangt
2667 1859 2743 1897 aber,
2769 1859 2825 1901 daß

1952 1900 1988 1940 sie
2012 1900 2149 1942 ernsthaft
2172 1903 2278 1940 werde,
2316 1911 2367 1936 um
2399 1904 2529 1943 wirksam
2564 1913 2600 1944 zu
2623 1904 2690 1944 sein.
2728 1904 2826 1946 Große

1952 1945 2198 1988 Veränderungen
2232 1947 2292 1988 find
2324 1948 2364 1981 im
2389 1949 2529 1989 Personal
2561 1949 2608 1982 der
2632 1950 2825 1991 Provinzver¬

1951 1990 2083 2032 waltung
2096 1997 2317 2034 vorgenommen
2330 1994 2454 2027 worden.
2473 1994 2530 2028 Die
2547 1995 2825 2037 Unterhandlungen

1951 2035 2020 2068 über
2044 2036 2086 2069 die
2111 2037 2283 2079 Errichtung
2315 2038 2390 2072 einer
2421 2039 2667 2073 internationalen
2691 2040 2825 2080 Liquida¬

1951 2080 2208 2124 tionskommission
2232 2083 2340 2116 dauern
2363 2085 2424 2125 fort
2447 2085 2507 2117 und
2531 2085 2643 2118 werden
2667 2085 2734 2118 bald
2759 2087 2827 2120 an's

1950 2126 2018 2166 Ziel
2040 2128 2189 2169 gelangen.
2225 2129 2393 2171 Frankreich
2416 2131 2475 2163 und
2500 2130 2636 2171 England
2658 2131 2824 2174 verlangen,

1952 2172 2008 2211 daß
2031 2173 2077 2205 der
2101 2172 2376 2214 Jnvestiturfirman
2401 2175 2449 2208 des
2473 2175 2600 2216 Khedive
2629 2176 2684 2209 alle
2707 2176 2740 2210 in
2763 2177 2826 2210 dem

1952 2216 2075 2256 Firman
2099 2223 2156 2252 von
2184 2220 2268 2252 1873
2296 2219 2477 2261 enthaltenen
2500 2220 2680 2262 Privilegien
2711 2221 2826 2255 wieder¬

1951 2262 2083 2302 herstelle.
2115 2264 2195 2304 Doch
2219 2264 2304 2305 geben
2328 2265 2362 2305 sie
2387 2275 2438 2306 zu,
2465 2265 2522 2306 daß
2546 2266 2608 2299 dem
2633 2267 2750 2300 Sultan
2773 2267 2827 2301 das

1952 2307 2038 2348 Recht
2061 2308 2189 2350 gewahrt
2211 2310 2317 2348 werde,
2353 2310 2398 2343 die
2425 2311 2531 2344 Stärke
2566 2311 2613 2344 der
2649 2311 2827 2353 ägyptischen

1951 2352 2054 2385 Armee
2085 2353 2146 2385 und
2180 2354 2275 2393 Flotte
2310 2363 2345 2395 zu
2378 2355 2553 2395 bestimmen.
2592 2357 2672 2390 Man
2707 2357 2828 2399 zweifelt

1951 2398 2080 2439 trotzdem
2105 2407 2143 2431 an
2168 2399 2215 2431 der
2238 2399 2393 2440 Annahme
2415 2401 2463 2433 der
2487 2401 2734 2443 westmächtlichen
2751 2403 2827 2442 For¬

1953 2442 2096 2484 derungen
2120 2449 2177 2476 von
2202 2444 2284 2478 Seite
2308 2445 2355 2477 der
2379 2445 2492 2487 Pforte.

2097 2550 2173 2600 Kam
2202 2550 2443 2604 kldgeuösfischtll
2471 2552 2674 2605 Zchüheufest.

2543 2620 2631 2656 Basel,
2652 2622 2695 2650 14.
2714 2621 2788 2656 Juli.

2000 2667 2033 2701 8.
2058 2668 2126 2701 Das
2149 2670 2214 2708 Fest
2236 2672 2312 2702 wäre
2332 2679 2380 2702 am
2398 2671 2623 2710 „Vertropfen",
2648 2677 2732 2704 wenn
2754 2672 2829 2712 nicht

1953 2713 1999 2745 die
2021 2713 2212 2752 Festkomites,
2252 2715 2295 2746 die
2330 2715 2476 2757 Schützen,
2512 2715 2612 2756 welche
2647 2716 2707 2756 ihre
2730 2717 2828 2757 Stiche

1953 2757 2022 2797 noch
2043 2758 2119 2799 nicht
2141 2759 2265 2800 gemacht
2288 2759 2348 2792 und
2360 2761 2407 2793 ein
2429 2760 2532 2802 großer
2548 2761 2635 2800 Theil
2657 2761 2705 2794 der
2717 2762 2829 2795 Basler

1954 2803 2152 2845 Bevölkerung
2164 2804 2232 2845 noch
2244 2805 2346 2837 immer
2358 2806 2443 2847 festen
2455 2805 2557 2839 Stand
2569 2806 2683 2847 hielten.
2709 2806 2828 2846 Gestern

1954 2848 2015 2888 sind
2038 2848 2081 2881 die
2104 2849 2241 2889 Walliser
2276 2850 2335 2882 und
2369 2851 2414 2883 die
2443 2851 2586 2884 liberalen
2609 2852 2735 2892 Tessiner
2759 2853 2826 2891 fort,

1954 2893 2034 2932 heute
2057 2894 2101 2926 die
2123 2894 2267 2935 Havresen
2291 2895 2350 2928 und
2373 2896 2417 2929 die
2439 2895 2733 2938 Bascllandschäftlcr.
2766 2898 2828 2932 Der

1957 2937 2088 2978 Abschied
2113 2944 2170 2973 von
2183 2940 2234 2972 den
2247 2940 2408 2981 Franzosen
2431 2947 2494 2974 war
2506 2941 2633 2982 herzlich,
2658 2942 2710 2975 wie
2734 2946 2763 2975 es
2775 2944 2829 2976 den

1954 2983 2153 3026 Angehörigen
2177 2986 2273 3026 zweier
2298 2986 2474 3025 Republiken
2498 2987 2622 3027 geziemt,
2659 2988 2702 3020 die
2726 2988 2828 3022 mitten

1956 3031 2040 3061 unter
2064 3029 2116 3062 den
2141 3030 2175 3071 sie
2191 3030 2381 3072 umgebenden
2395 3032 2597 3072 Monarchien,
2622 3032 2666 3065 die
2689 3033 2748 3065 eine
2759 3034 2827 3075 nach

1955 3073 2097 3114 früheren,
2134 3075 2177 3108 die
2202 3076 2303 3108 andere
2336 3077 2405 3118 nach
2432 3077 2681 3118 kurzverflossenen
2704 3078 2828 3120 heftigen

1955 3120 2102 3153 Stürmen
2125 3121 2230 3160 endlich
2243 3121 2286 3154 die
2309 3121 2404 3161 sichere
2415 3122 2528 3161 Straße
2540 3130 2705 3163 gewonnen,
2730 3124 2828 3164 welche

1954 3164 2043 3197 allein
2077 3165 2121 3197 die
2143 3166 2248 3200 Völker
2282 3176 2347 3206 zum
2371 3167 2455 3207 Heile
2486 3167 2579 3207 führt.
2631 3168 2749 3209 „Gehen
2771 3170 2828 3203 wir

1953 3210 2042 3248 diesen
2065 3211 2139 3251 Weg
2162 3212 2383 3250 miteinander",
2409 3213 2550 3254 sagteHr.
2565 3213 2667 3255 Jungk
2691 3214 2827 3254 inseinen

1954 3254 2224 3295 Abschiedsworten,
2264 3257 2335 3295 „den
2358 3262 2417 3290 uns
2451 3258 2499 3290 der
2524 3257 2713 3300 Allmächtige
2747 3259 2827 3300 selbst

1954 3300 2096 3341 gewiesen.
2144 3302 2202 3335 Die
2225 3302 2351 3343 Schweiz
2387 3303 2421 3343 ist
2443 3303 2514 3342 stark
2545 3303 2629 3344 durch
2653 3304 2696 3336 die
2722 3305 2827 3344 Opfer-

1953 3345 2117 3387 freudigkeit
2141 3346 2201 3388 iher
2224 3347 2336 3388 Söhne.
2385 3348 2461 3381 Aber
2497 3354 2581 3381 wenn
2612 3348 2724 3389 schwere
2748 3351 2828 3391 Tage

1953 3390 2136 3431 herannahen
2170 3392 2279 3432 sollten,
2316 3394 2407 3426 werde
2430 3393 2505 3426 Gott
2538 3393 2609 3427 über
2631 3394 2678 3435 ihr
2700 3395 2761 3427 und
2784 3396 2828 3428 die

1953 3436 2130 3476 französische
2143 3437 2284 3476 Republik
2304 3437 2393 3472 neben
2416 3438 2462 3479 ihr
2486 3439 2574 3478 sein."
2602 3440 2659 3472 Als
2682 3440 2730 3472 der
2746 3440 2826 3477 fran¬

1952 3481 2061 3522 zösische
2076 3482 2272 3523 Wortführer,
2299 3483 2353 3522 Hr.
2367 3484 2488 3525 Langer,
2514 3483 2654 3523 ebenfalls
2666 3485 2713 3517 der
2725 3485 2824 3519 Dank-

1953 3526 2056 3559 barkeit
2090 3527 2140 3567 für
2163 3528 2207 3560 die
2242 3528 2412 3569 freundliche
2437 3529 2614 3569 Aufnahme,
2651 3530 2703 3562 den
2727 3539 2827 3572 gegen¬

1955 3572 2070 3612 seitigen
2094 3573 2302 3613 Sympathien,
2338 3574 2401 3607 dem
2431 3574 2613 3616 zukünftigen
2635 3576 2827 3615 Zusammen¬

1952 3616 2037 3657 gehen
2060 3616 2154 3650 beider
2177 3618 2322 3652 Nationen
2356 3626 2486 3652 warmen
2509 3620 2654 3653 Ausdruck
2684 3620 2826 3662 verliehen

1952 3662 2029 3703 hatte
2053 3663 2113 3695 und
2137 3663 2181 3697 ein
2207 3663 2340 3704 Lebehoch
2364 3665 2417 3705 auf
2439 3665 2484 3697 die
2497 3664 2624 3706 Schweiz
2648 3665 2824 3707 ausbrachte,

1951 3708 1980 3746 so
2004 3708 2120 3740 wurden
2146 3709 2189 3741 die
2213 3709 2363 3743 Stimmen
2399 3710 2446 3742 der
2470 3710 2632 3751 Franzosen
2657 3716 2714 3743 von
2738 3711 2826 3745 denen

1952 3752 2000 3784 der
2024 3753 2205 3792 anwesenden
2227 3754 2384 3796 Schweizer
2420 3755 2475 3787 mit
2507 3754 2599 3795 ihrem
2621 3755 2693 3796 ohne
2716 3756 2826 3790 weitere

1951 3798 2048 3830 Ordre
2070 3804 2129 3831 von
2152 3799 2232 3838 selbst
2253 3799 2469 3840 losbrechenden
2488 3800 2594 3843 „Vive
2616 3801 2651 3834 la
2662 3801 2823 3836 France!“

1953 3843 2019 3875 weit
2041 3843 2187 3877 übertönt.
2227 3844 2305 3885 Auch
2328 3845 2370 3878 die
2395 3845 2682 3886 Basellandschäftler
2705 3848 2824 3880 konnten

1951 3888 2005 3927 fast
2028 3888 2101 3929 nicht
2124 3889 2192 3928 fort.
2219 3890 2281 3929 Erst
2306 3889 2360 3931 gab
2386 3895 2415 3923 es
2438 3890 2507 3931 zwei
2530 3891 2825 3933 freundnachbarliche

1952 3933 2079 3973 offizielle
2103 3934 2292 3975 Ansprachen,
2318 3936 2373 3975 daß
2398 3945 2467 3968 man
2491 3935 2611 3975 scheiden
2635 3937 2732 3977 müsse,
2758 3937 2825 3970 aber

2871 1273 2935 1314 doch
2958 1273 3139 1309 beieinander
3149 1275 3239 1310 bleibe
3263 1277 3323 1311 und
3342 1282 3399 1311 von
3424 1279 3515 1313 einem
3539 1281 3745 1322 gemeinsamen

2870 1319 2960 1352 Band
2993 1321 3197 1363 umschlungen
3230 1323 3323 1355 werde
3346 1323 3405 1356 und
3441 1324 3520 1357 dann
3544 1326 3640 1359 wurde
3664 1328 3749 1370 abge¬

2870 1373 2966 1405 zogen.
3013 1366 3071 1399 Als
3094 1367 3150 1399 wir
3173 1366 3240 1401 aber
3271 1367 3342 1407 nach
3366 1369 3507 1411 ungefähr
3532 1370 3606 1404 einer
3630 1372 3750 1408 Stunde

2871 1409 2903 1442 in
2938 1409 2981 1442 die
3004 1411 3149 1451 Festhütte
3183 1412 3290 1451 kamen,
3329 1414 3365 1446 da
3388 1419 3451 1448 war
3486 1416 3554 1455 noch
3579 1416 3638 1449 eine
3661 1427 3749 1459 ganze

2871 1454 2959 1496 große
2971 1455 3198 1500 Versammlung
3210 1458 3401 1497 beieinander,
3427 1459 3498 1493 über
3522 1461 3568 1493 der
3592 1461 3635 1495 die
3647 1464 3749 1504 Fahne

2870 1500 2919 1532 der
2941 1500 3185 1543 Basellandschaft
3206 1503 3305 1543 wehte.
3335 1504 3482 1545 Zwischen
3497 1505 3581 1546 durch
3605 1508 3752 1543 erblickten

2870 1545 2925 1577 wir
2949 1545 3083 1587 Flaschen
3120 1548 3175 1580 mit
3198 1548 3400 1589 Silberhälsen
3425 1551 3484 1583 und
3509 1551 3668 1592 Eiskühler,
3706 1555 3750 1593 so-

2870 1590 2923 1623 wie
2958 1591 3029 1624 viele
3052 1592 3340 1635 Komitemitglieder,
3376 1596 3436 1628 und
3464 1596 3517 1636 auf
3541 1596 3630 1630 einem
3654 1598 3751 1640 Tische

2872 1636 2950 1675 stand
2977 1637 3020 1670 ein
3044 1638 3345 1679 Basellandschäftler,
3378 1639 3448 1681 hielt
3472 1641 3532 1674 eine
3555 1641 3649 1682 schöne
3671 1645 3750 1678 Rede

2870 1681 2930 1714 und
2953 1680 3063 1723 brachte
3086 1683 3239 1725 schließlich
3264 1684 3310 1717 ein
3334 1685 3514 1719 donnerndes
3531 1687 3607 1728 Hoch
3632 1690 3683 1729 auf
3707 1690 3752 1724 die

2871 1725 3062 1761 Stadtbasler
3096 1733 3163 1766 aus,
3200 1729 3231 1762 in
3267 1729 3323 1763 das
3358 1730 3400 1762 die
3434 1732 3533 1772 Musik
3567 1737 3624 1767 von
3659 1734 3752 1775 ihrem

2871 1771 3013 1812 Pavillon
3048 1777 3105 1806 aus
3131 1774 3311 1815 einstimmte,
3349 1775 3396 1808 als
3420 1776 3456 1809 ob
3482 1781 3511 1809 es
3536 1777 3595 1818 ihre
3619 1778 3750 1820 offizielle

2871 1816 2978 1857 Pflicht
3000 1819 3131 1859 gewesen.
3179 1819 3220 1853 Es
3244 1820 3365 1861 versteht
3386 1821 3448 1862 sich,
3485 1822 3543 1862 daß
3571 1823 3639 1864 auch
3663 1825 3754 1865 sofort

2873 1862 2917 1894 ein
2930 1862 3135 1902 Baselstädtler
3159 1866 3211 1904 auf
3234 1865 3286 1898 den
3311 1865 3391 1906 Tisch
3423 1867 3531 1909 sprang
3554 1868 3613 1901 und
3637 1869 3680 1902 die
3705 1879 3753 1912 ge¬

2871 1907 2984 1947 haltene
3007 1909 3084 1942 Rede
3118 1910 3223 1948 sammt
3258 1911 3322 1943 dem
3348 1911 3545 1952 „Hochleben"
3585 1914 3640 1947 mit
3675 1915 3753 1949 einer

2871 1962 2964 1985 neuen
2999 1954 3051 1993 auf
3086 1954 3131 1987 die
3155 1955 3321 1996 Landschaft
3356 1958 3477 1998 vergalt.
3526 1958 3574 1991 So
3605 1960 3672 2001 ging
3697 1961 3752 1994 das

2872 1997 2971 2030 bittere
2994 1998 3134 2039 Scheiden
3169 2006 3221 2034 vor
3244 2001 3305 2042 sich.
3348 2019 3382 2024 —
3423 2003 3485 2042 Auf
3516 2003 3565 2036 der
3587 2005 3752 2046 Plattform

2873 2043 2922 2075 des
2957 2044 3175 2085 Schießstandes
3213 2052 3311 2079 waren
3355 2046 3444 2087 diesen
3479 2048 3662 2091 Nachmittag
3697 2059 3751 2092 gar

2873 2088 2947 2121 keine
2959 2089 3079 2129 Fahnen
3102 2090 3183 2131 mehr
3206 2101 3241 2132 zu
3257 2091 3348 2132 sehen,
3373 2092 3448 2134 nicht
3472 2094 3580 2127 einmal
3603 2095 3682 2136 mehr
3706 2096 3751 2129 die

2873 2134 3086 2176 eidgenössische.
3111 2136 3193 2173 Nun.
3218 2137 3255 2178 sie
3266 2138 3379 2171 werden
3401 2138 3434 2172 in
3449 2141 3534 2180 guter
3546 2139 3752 2183 Verwahrung

2871 2179 2939 2219 sein.

2925 2232 3003 2262 Beim
3023 2233 3242 2270 Mittagsbankett
3260 2235 3361 2271 brachte
3380 2236 3422 2266 der
3441 2237 3519 2273 greise
3537 2238 3586 2267 Dr.
3599 2238 3753 2270 Brenner

2873 2272 2919 2301 den
2947 2273 3023 2306 ersten
3043 2274 3131 2309 Toast.
3169 2275 3205 2304 Er
3232 2275 3314 2311 fteute
3342 2276 3395 2311 fich,
3425 2275 3475 2312 daß
3499 2278 3568 2313 nicht
3586 2287 3638 2309 nur
3656 2280 3685 2309 in
3704 2281 3747 2310 der

2873 2313 2995 2350 Schwei,,
3015 2315 3122 2349 sondern
3142 2315 3202 2352 auch
3221 2317 3250 2346 in
3260 2317 3316 2346 dem
3335 2317 3384 2352 fast
3402 2326 3467 2354 ganz
3477 2318 3642 2355 katholischen
3653 2321 3751 2356 Frank¬

2872 2354 2935 2388 reich
2954 2355 3041 2390 Front
3059 2358 3169 2392 gemacht
3181 2359 3260 2388 werde
3279 2367 3357 2394 gegen
3375 2359 3413 2389 die
3436 2360 3579 2396 kirchlichen
3590 2361 3748 2398 Uebergriffe

2872 2395 2925 2424 und
2945 2395 2987 2425 der
3004 2396 3149 2432 Unterricht
3168 2397 3209 2427 der
3227 2398 3336 2434 Jugend
3359 2399 3400 2429 der
3419 2400 3529 2435 Klerisei
3548 2402 3675 2437 möglichst
3695 2404 3748 2432 ent¬

2871 2444 2949 2471 zogen
2968 2437 3056 2472 werde,
3075 2438 3163 2473 welche
3181 2438 3235 2475 ihre
3247 2439 3407 2476 Intoleranz
3427 2442 3479 2470 und
3494 2441 3568 2477 ihren
3577 2442 3639 2478 Haß
3658 2443 3686 2472 in
3700 2444 3750 2473 alle

2873 2476 3045 2513 bürgerlichen
3063 2478 3239 2515 Verhältnisse
3267 2486 3328 2509 vom
3351 2481 3484 2517 Tausstein
3511 2481 3556 2511 bis
3582 2491 3640 2517 zum
3659 2483 3749 2513 Grabe

2872 2516 3045 2553 hineintrage.

3057 2558 3209 2593 .Enchclica
3226 2561 3281 2589 und
3298 2560 3435 2596 Syllabus

3052 2599 3098 2633 Ist
3118 2599 3279 2636 Schweizern
3298 2602 3353 2631 eine
3371 2601 3444 2637 harte
3462 2603 3543 2638 Nuß!

3055 2639 3122 2667 Non
3141 2642 3323 2675 poasumus!»
3774 2661 3782 2665 -

2874 2692 2933 2721 Das
2952 2692 3106 2727 Vaterland,
3126 2693 3174 2722 das
3192 2694 3254 2724 über
3273 2695 3321 2724 den
3340 2695 3463 2729 Parteien
3482 2698 3580 2733 glänze,
3604 2699 3659 2729 lebe
3684 2700 3758 2742 hoch,

2874 2732 2957 2767 schloß
2985 2734 3026 2762 der
3044 2734 3155 2763 Redner.
3185 2749 3217 2754 —
3245 2736 3296 2771 Hr.
3316 2735 3417 2772 Wirth,
3446 2737 3572 2767 Redaktor
3596 2739 3640 2769 des
3662 2741 3750 2777 ,Frei-

2873 2773 3021 2809 müthigen"
3042 2774 3071 2804 in
3080 2775 3221 2810 Pfäffikon,
3240 2776 3402 2812 verkündigte
3413 2778 3442 2807 in
3460 2779 3620 2813 poefievoller
3630 2781 3746 2817 Sprache

2873 2814 2921 2842 das
2940 2813 2992 2843 Lob
3011 2815 3054 2844 der
3073 2816 3188 2851 Freiheit
3206 2817 3258 2846 und
3278 2817 3513 2853 Vaterlandsliebe,
3533 2820 3579 2853 die,
3599 2822 3647 2850 wie
3665 2822 3749 2852 Vater

2874 2854 2958 2889 Rhein
2978 2855 3015 2885 die
3033 2856 3235 2893 schweizerischen
3243 2857 3374 2892 Kantone,
3392 2862 3445 2888 uns
3464 2860 3513 2889 alle
3533 2860 3683 2898 umschlinge
3702 2864 3746 2893 als

2874 2895 2915 2924 ein
2934 2895 3057 2931 Gedanke,
3076 2897 3119 2926 als
3139 2898 3180 2926 ein
3199 2898 3303 2932 Strom,
3331 2899 3373 2928 der
3391 2901 3437 2929 all'
3457 2900 3504 2930 den
3523 2901 3673 2936 Egoismus,
3702 2905 3749 2934 den

2873 2936 3084 2973 aristokratischen
3102 2938 3213 2973 Dünkel,
3231 2939 3281 2968 alle
3299 2939 3471 2975 Knechtschaft
3489 2942 3544 2971 und
3562 2943 3612 2972 alle
3630 2943 3746 2979 Scheide¬

2872 2976 2970 3009 wände,
2999 2978 3087 3014 welche
3113 2982 3167 3007 uns
3189 2979 3250 3014 noch
3267 2981 3377 3009 trennen
3394 2980 3510 3015 könnten,
3540 2984 3677 3019 wegraffen
3694 2985 3749 3014 und

2874 3018 2932 3046 weit
2950 3018 3046 3052 hinaus
3065 3019 3094 3048 in
3113 3018 3153 3048 die
3171 3019 3253 3055 Ferne
3281 3020 3320 3049 die
3340 3020 3493 3058 Grundsätze
3518 3022 3571 3051 und
3589 3022 3684 3058 Ideale
3704 3025 3747 3054 der

2873 3058 2988 3094 Freiheit
3015 3060 3069 3089 und
3096 3060 3139 3089 der
3158 3060 3324 3096 allgemeinen
3343 3061 3628 3100 Völkerverbrüderung
3656 3068 3747 3101 tragen

2872 3100 2960 3129 werde.
2993 3100 3090 3134 Diesem
3109 3101 3219 3130 Strome
3238 3102 3294 3136 galt
3313 3102 3367 3137 sein
3386 3102 3472 3137 Toast.

2928 3141 3007 3170 Dann
3026 3141 3110 3170 betrat
3130 3141 3255 3178 Redaktor
3273 3142 3375 3178 Hohl
3396 3147 3449 3173 von
3468 3144 3549 3177 Bern,
3578 3145 3620 3174 der
3638 3146 3748 3175 mittler-

2872 3180 2946 3209 weile
2963 3185 3014 3210 von
3032 3181 3116 3214 seinen
3134 3180 3353 3218 journalistischen
3370 3181 3494 3219 Kollegen
3511 3184 3585 3220 Hals
3602 3186 3665 3216 über
3674 3187 3748 3223 Kopf

2872 3229 2904 3256 zu
2922 3221 2990 3251 einer
2999 3222 3065 3251 Rede
3084 3222 3187 3257 gepreßt
3205 3225 3306 3253 worden
3327 3228 3392 3256 war,
3411 3232 3457 3253 um
3475 3224 3514 3253 die
3524 3224 3590 3260 Ehre
3610 3227 3652 3255 der
3661 3227 3747 3263 Presse

2872 3271 2904 3296 zu
2914 3263 3001 3297 retten,
3021 3263 3059 3292 die
3070 3263 3196 3293 Tribüne.
3218 3265 3300 3300 .Dem
3319 3265 3398 3300 fteien
3408 3266 3498 3296 Mann
3511 3267 3560 3295 das
3569 3267 3628 3301 fteie
3639 3268 3745 3304 Wort",

2872 3303 2944 3331 laute
2972 3303 3010 3333 die
3028 3304 3118 3340 Devise
3139 3305 3180 3334 der
3199 3305 3392 3341 Rednerbühne,
3421 3307 3489 3342 sagte
3508 3316 3543 3342 er,
3566 3307 3624 3338 aber
3643 3318 3669 3338 er
3688 3309 3747 3345 gehe

2872 3343 2932 3378 noch
2951 3344 3036 3373 weiter
3046 3345 3098 3374 und
3118 3345 3191 3381 sage:
3214 3347 3295 3381 .Dem
3315 3346 3393 3381 freien
3404 3347 3483 3376 Wort
3502 3348 3544 3377 ein
3563 3348 3636 3383 freies
3647 3349 3751 3379 Volk!"

2872 3384 2923 3413 Die
2940 3384 3025 3421 Presse
3042 3386 3147 3421 bedürfe
3164 3385 3191 3421 ja
3209 3386 3281 3422 wohl
3299 3387 3369 3415 eines
3387 3387 3467 3422 freien
3485 3388 3587 3422 Volkes,
3616 3395 3691 3419 wenn
3708 3390 3743 3424 fie

2871 3424 2925 3458 ihre
2943 3424 3017 3460 hehre
3037 3426 3156 3462 Aufgabe
3175 3427 3282 3462 erfüllen
3301 3427 3370 3462 solle,
3389 3428 3457 3458 eines
3476 3428 3578 3461 Volkes,
3600 3429 3648 3459 das
3667 3433 3693 3459 es
3707 3439 3744 3459 er¬

2872 3466 2962 3500 tragen
2988 3468 3066 3501 möge,
3095 3471 3170 3495 wenn
3198 3467 3235 3497 die
3255 3467 3401 3503 Propheten
3430 3469 3471 3497 der
3491 3469 3575 3504 Presse
3597 3474 3647 3499 aus
3666 3471 3747 3504 seiner

2871 3505 2972 3540 eigenen
2991 3507 3072 3536 Mitte
3099 3507 3236 3542 auftrcten,
3264 3513 3317 3537 von
3346 3509 3388 3537 der
3405 3509 3503 3544 Kanzel
3522 3509 3744 3547 heruntersteigen,

2872 3549 2922 3574 aus
2940 3546 2982 3576 der
3000 3547 3097 3582 Schule
3114 3547 3323 3582 herauskommen
3351 3549 3402 3578 und
3427 3549 3480 3585 ihm
3499 3551 3559 3579 Das
3578 3551 3661 3588 sagen,
3688 3556 3747 3582 was

2870 3587 2904 3619 fie
2930 3587 2978 3622 auf
3004 3588 3048 3617 der
3065 3588 3174 3623 Kanzel,
3201 3590 3230 3619 in
3257 3589 3300 3618 der
3318 3589 3415 3624 Schule
3442 3590 3510 3626 nicht
3531 3591 3619 3625 lehren
3637 3593 3745 3622 können.

2870 3627 2921 3656 Sie
2940 3627 3041 3663 bedürfe
3060 3628 3128 3658 eines
3138 3629 3240 3663 Volkes,
3260 3630 3307 3658 das
3321 3633 3348 3658 es
3358 3629 3509 3665 überwinde,
3530 3636 3604 3661 wenn
3616 3633 3645 3666 ste
3655 3633 3742 3667 Ideen

2870 3668 2968 3703 bringe,
2997 3669 3035 3698 die
3062 3671 3107 3698 den
3136 3670 3359 3707 augenblicklichen
3386 3670 3578 3706 Verhältnissen
3606 3675 3659 3703 und
3688 3675 3744 3704 An¬

2870 3708 3027 3745 schauungen
3046 3710 3105 3739 weit
3123 3712 3299 3751 vorangingen
3324 3711 3377 3740 und
3397 3712 3468 3747 Ziele
3486 3713 3638 3747 aussteckten,
3667 3715 3746 3745 denen

2870 3757 2932 3777 man
2959 3757 3010 3779 nur
3037 3750 3203 3786 nachstreben,
3231 3753 3262 3785 fie
3281 3752 3342 3781 aber
3361 3752 3406 3784 erst
3436 3753 3472 3781 im
3490 3753 3570 3788 Laufe
3587 3759 3641 3783 von
3659 3755 3745 3790 Jahr-

2868 3788 2979 3824 zehnden
2998 3791 3116 3826 erreichen
3137 3792 3220 3821 könne.
3258 3793 3309 3822 Ein
3327 3792 3403 3827 freies
3421 3793 3490 3823 Volk
3508 3795 3588 3830 müsse
3612 3795 3673 3831 auch
3693 3796 3748 3825 eine

2869 3830 2979 3864 schlechte
2997 3831 3090 3865 Presse,
3118 3832 3171 3861 eine
3190 3833 3273 3867 Presse
3293 3833 3335 3861 der
3358 3833 3433 3869 Lüge,
3463 3835 3505 3863 der
3524 3834 3742 3872 V.-rdächtigung,

2870 3870 2913 3899 der
2931 3870 3084 3907 Zwietracht
3108 3872 3217 3908 befiegen
3234 3874 3287 3902 und
3306 3875 3454 3909 auswerfen
3472 3875 3579 3910 können,
3607 3885 3651 3905 um
3672 3878 3745 3906 deren

2869 3907 2945 3936 unter
2963 3907 3010 3936 das
3028 3908 3095 3937 Volk
3113 3909 3250 3943 geworfene
3269 3909 3361 3945 giftige
3379 3910 3572 3941 Samenkörner
3591 3913 3746 3948 unschädlich

2869 3955 2902 3981 zu
2919 3947 3025 3983 machen.
3062 3949 3116 3977 Der
3135 3948 3291 3985 Sprechende
3314 3949 3415 3984 brachte
3435 3951 3546 3986 deßhalb
3565 3952 3646 3988 seinen
3666 3954 3746 3988 Toast

401 4093 574 4144 JmlUrton
603 4093 700 4140 1879.

209 4239 508 4275 -ralurf-rfcht-de
528 4240 733 4277 Gesellschaft
753 4242 883 4278 Zürich.

484 4295 616 4331 (Schluß).

163 4354 230 4391 Jede
249 4349 424 4388 systematische
442 4350 629 4386 Untersuchung
659 4350 725 4381 eines
750 4351 894 4383 Erdbebens
913 4355 986 4390 muß,

105 4397 158 4428 wie
177 4398 202 4424 es
222 4390 334 4425 Eeebach
353 4389 465 4425 versucht
489 4391 543 4425 hat,
573 4391 668 4426 darauf
685 4392 821 4428 ausgehen,
849 4393 912 4430 Lage
931 4395 985 4424 und

104 4440 192 4476 Form
211 4434 256 4463 des
273 4431 575 4467 tzrschütterungsherdes
592 4441 624 4468 zu
644 4432 795 4467 bestimmen.
835 4434 899 4465 Dies
918 4436 984 4465 kann

105 4476 249 4515 geschehen:

165 4516 192 4551 1)
211 4512 296 4547 Durch
315 4511 583 4547 Zeitbestimmungen.
616 4513 763 4544 Verbinden
782 4515 833 4544 wir
852 4517 897 4552 auf
915 4517 985 4546 einer

104 4559 188 4589 Karte
207 4552 321 4591 jeweilen
341 4551 380 4580 die
393 4551 491 4585 Punkte
511 4553 560 4580 mit
579 4552 704 4588 einander,
725 4556 813 4590 welche
833 4556 984 4593 gleichzeitig

103 4594 252 4633 erschüttert
271 4591 385 4623 wurden,
413 4591 440 4625 so
468 4591 581 4626 erhalten
600 4593 651 4622 wir
676 4594 851 4631 konzentrische
869 4597 984 4633 Kurven,

102 4637 194 4673 welche
214 4636 261 4664 den
287 4630 480 4665 Erdbebenherd
507 4632 643 4667 umfahren
671 4636 723 4664 und
750 4636 781 4665 in
804 4637 884 4671 seiner
901 4639 985 4675 Form

102 4679 177 4713 mehr
196 4676 256 4706 oder
284 4672 394 4706 weniger
414 4679 497 4705 genau
521 4673 686 4708 umzeichnen-
724 4676 776 4705 Die
793 4677 984 4715 Schwierigkeit

100 4720 167 4755 liegt
187 4719 215 4746 in
229 4716 275 4744 den
288 4710 556 4749 Zeitbestimmungen.
588 4713 637 4741 Die
651 4714 913 4752 Sternwartenuhren
928 4720 984 4754 find

100 4769 135 4796 zu
154 4755 264 4793 spärlich
283 4753 371 4790 gesäet,
390 4751 429 4780 die
448 4750 703 4787 Telegraphenuhren
724 4755 799 4790 gehen
819 4758 934 4792 meistens
955 4760 983 4789 in

102 4800 188 4838 Folge
207 4793 401 4833 ungenügender
421 4790 596 4827 Behandlung
614 4793 681 4828 nicht
704 4803 788 4830 genau
807 4805 897 4833 genug,
916 4799 983 4829 denn

101 4845 131 4871 es
149 4838 258 4875 handelt
275 4836 320 4872 fich
339 4834 395 4869 hier
412 4840 458 4860 um
476 4832 640 4867 zuverlässige
658 4833 820 4870 Bruchtheile
839 4837 905 4866 einer
923 4839 981 4867 Mi-

99 4883 173 4912 nute.
211 4878 283 4907 Man
302 4875 369 4911 sucht
397 4871 570 4908 gegenwärtig
589 4873 650 4908 nach
669 4876 850 4911 zuverlässigen
870 4877 981 4908 Mitteln

98 4923 156 4952 und
175 4919 328 4954 Apparaten
348 4924 394 4952 zur
412 4912 647 4949 Zeitbestimmung.
680 4915 729 4943 Die
749 4916 857 4950 Theorie
876 4917 904 4952 ist
924 4920 980 4953 gut,

97 4963 140 4992 die
160 4959 259 4994 Praxis
288 4965 399 4994 genauer
420 4953 647 4989 Zeitbestimmung
676 4963 708 4983 an
739 4957 868 4991 möglichst
897 4958 980 4987 vielen

97 5002 221 5036 Punkten
242 4999 302 5028 aber
321 4996 381 5031 noch
400 4995 467 5029 nicht
486 4995 577 5030 gelöst.

155 5042 187 5076 2)
227 5039 313 5074 Durch
341 5037 519 5071 Stoßstärken.
569 5033 707 5063 Verbindet
743 5044 803 5064 man
837 5038 885 5066 alle
911 5038 980 5067 Orte

96 5082 207 5119 gleicher
227 5079 386 5114 Stoßstärke,
418 5079 442 5109 so
462 5076 544 5111 erhält
564 5083 625 5103 man
645 5074 697 5104 eine
724 5075 842 5111 ähnliche
861 5077 978 5108 Kurven-

95 5123 194 5157 schaar.
224 5121 273 5151 Wie
292 5119 366 5151 durch
386 5118 425 5147 die
444 5115 673 5153 Zeitbestimmung
697 5116 751 5144 und
772 5117 835 5145 kann
855 5122 903 5147 aus
923 5119 977 5148 der¬

93 5163 182 5199 selben
202 5162 269 5196 Lage
288 5161 341 5190 und
356 5160 437 5195 Form
457 5158 498 5187 des
510 5155 809 5191 Erschütterungsherdes
823 5157 976 5191 bestimmen.

94 5205 158 5240 Zur
178 5200 517 5237 Stoßstärkenbestimmung
547 5198 632 5229 leisten
653 5196 787 5232 zahlreiche
814 5197 977 5233 verschiedene

92 5246 242 5279 Apparate,
263 5243 349 5277 welche
368 5242 396 5270 in
426 5239 516 5276 großer
535 5239 607 5274 Zahl
637 5238 798 5274 aufzustellen
828 5238 890 5272 find,
918 5245 975 5268 vor¬

93 5284 217 5320 treffliche
237 5284 358 5319 Dienste;
388 5282 449 5310 aber
477 5281 537 5315 auch
558 5280 596 5309 die
622 5279 703 5309 vielen
723 5279 860 5315 Angaben,
888 5281 976 5315 welche

91 5326 136 5355 ein
156 5325 200 5355 der
219 5324 396 5361 Wissenschaft
426 5330 499 5358 gerne
517 5320 673 5356 dienstbares
691 5320 833 5356 Publikum
857 5320 916 5351 über
936 5322 975 5351 die

1032 4028 1187 4064 Wirkungen
1218 4029 1260 4057 des
1286 4028 1399 4063 Bebens,
1429 4031 1475 4059 das
1503 4030 1537 4065 fie
1564 4030 1703 4065 beobachtet
1732 4030 1825 4066 haben,
1854 4033 1905 4059 uns

1032 4068 1139 4103 machen,
1168 4070 1262 4098 können
1290 4070 1446 4105 vortrefflich
1471 4070 1499 4099 in
1536 4071 1611 4106 dieser
1644 4070 1725 4105 Weise
1756 4070 1906 4105 verwerthet

1033 4109 1138 4139 werden.

1085 4151 1113 4185 3)
1136 4151 1221 4185 Durch
1235 4150 1465 4187 Stoßrichtungen.
1497 4152 1582 4188 Trägt
1600 4161 1662 4181 man
1681 4152 1719 4181 die
1732 4152 1906 4188 beobachteten

1033 4191 1252 4227 Stoßrichtungen
1279 4192 1326 4227 auf
1354 4192 1423 4221 einer
1442 4192 1523 4222 Karte
1551 4193 1600 4226 ein,
1629 4192 1681 4221 und
1700 4194 1847 4228 verlängert
1866 4193 1905 4227 fie,

1032 4233 1058 4267 so
1076 4232 1200 4268 schneiden
1220 4233 1251 4265 sie
1269 4232 1313 4269 fich
1341 4234 1378 4263 im
1396 4233 1508 4267 Gebiete,
1537 4235 1613 4263 unter
1633 4233 1745 4267 welchem
1773 4235 1818 4263 der
1835 4234 1906 4270 Herd

1034 4274 1093 4309 liegt
1114 4290 1147 4294 —
1168 4274 1230 4303 bald
1249 4274 1317 4310 mehr
1336 4275 1364 4304 in
1384 4275 1464 4304 einem
1482 4274 1590 4309 Punkte,
1620 4274 1681 4303 bald
1700 4275 1770 4308 mehr
1789 4275 1818 4304 in
1838 4275 1906 4304 einer

1033 4314 1111 4349 Zone.
1152 4314 1288 4350 Wichtiger
1316 4324 1362 4350 znr
1390 4315 1702 4351 Richtungsbefiimmung
1731 4315 1774 4343 als
1801 4315 1848 4344 das
1867 4314 1905 4349 oft

1033 4354 1082 4383 irre
1101 4355 1214 4391 geleitete
1233 4355 1329 4391 Gefühl
1357 4356 1411 4390 find
1432 4354 1557 4391 Angaben
1576 4355 1640 4384 über
1663 4355 1700 4384 die
1720 4355 1858 4391 Richtung,
1877 4355 1906 4384 in

1033 4395 1134 4428 welcher
1154 4396 1286 4430 Tableaux
1315 4405 1348 4425 an
1368 4396 1410 4425 der
1440 4396 1537 4430 Wand,
1564 4396 1760 4432 Hängelampen
1789 4397 1849 4425 oder
1868 4395 1906 4425 die

1033 4436 1181 4473 Flüssigkeit
1208 4438 1238 4467 in
1265 4436 1379 4473 Gesäßen
1412 4437 1564 4473 schwankte;
1601 4437 1641 4466 die
1669 4436 1806 4473 Richtung,
1844 4437 1905 4472 nach

1032 4477 1133 4511 welcher
1146 4478 1315 4514 Gegenstände
1328 4477 1480 4514 umgefallen
1497 4479 1557 4508 oder
1570 4477 1713 4514 verschoben
1732 4478 1835 4508 worden
1849 4478 1903 4512 find

1032 4525 1063 4545 «.
1090 4517 1220 4553 Messende
1240 4519 1369 4553 Apparate
1388 4519 1484 4547 können
1503 4521 1563 4555 gute
1582 4519 1682 4549 Dienste
1700 4518 1796 4553 leisten.

1085 4557 1165 4588 Stets
1183 4559 1301 4593 bedürfen
1330 4558 1381 4588 wir
1408 4567 1440 4594 zu
1469 4559 1516 4589 den
1539 4559 1808 4596 Hcrdbestimmungen
1838 4559 1905 4588 einer

1032 4597 1126 4633 großen
1147 4599 1218 4635 Zahl
1237 4604 1286 4628 don
1304 4599 1529 4635 Beobachtungen,
1552 4600 1599 4629 wie
1619 4600 1651 4635 fie
1669 4608 1720 4629 nur
1744 4603 1822 4629 unter
1841 4599 1905 4635 kräf¬

1031 4639 1095 4673 tiger
1114 4640 1246 4676 Mithülfe
1263 4640 1364 4675 unserer
1382 4640 1501 4676 Freunde
1521 4641 1558 4670 im
1576 4640 1718 4675 Publikum
1737 4649 1769 4676 zu
1787 4640 1904 4674 erhalten

1031 4679 1092 4713 find.
1132 4681 1182 4710 Ein
1201 4680 1329 4716 möglichst
1343 4681 1473 4715 einfacher,
1493 4681 1574 4710 keiner
1586 4681 1904 4716 llnterhaltungssorgfalt

1031 4720 1201 4756 bedürfender,
1222 4721 1372 4758 wohlfeiler,
1384 4722 1576 4757 registrirender
1588 4722 1716 4756 Apparat,
1737 4722 1778 4751 der
1788 4722 1818 4751 in
1838 4722 1905 4751 einer

1030 4760 1124 4795 großen
1145 4763 1216 4797 Zahl
1246 4768 1295 4792 von
1315 4763 1484 4798 Exemplaren
1513 4763 1654 4798 aufgestellt
1684 4764 1781 4792 werden
1807 4764 1903 4798 könnte,

1029 4800 1060 4832 ist
1079 4801 1121 4831 bis
1141 4802 1191 4840 jetzt
1222 4803 1279 4839 noch
1309 4804 1375 4838 nicht
1404 4804 1434 4833 in
1463 4804 1658 4840 beftiedigender
1676 4803 1758 4839 Weise
1782 4804 1903 4839 erfunden

1027 4841 1139 4870 worden.

1082 4880 1244 4917 Unterdessen
1271 4883 1353 4918 haben
1382 4883 1535 4920 italienische
1561 4884 1614 4913 und
1634 4884 1819 4919 österreichische
1838 4884 1903 4914 Geo¬

1027 4918 1099 4953 logen
1120 4921 1174 4950 eine
1192 4922 1287 4958 Menge
1306 4930 1357 4953 don
1376 4933 1457 4953 neuen
1470 4925 1649 4960 Beziehungen
1668 4926 1709 4954 der
1728 4925 1860 4955 Erdbeben
1873 4934 1904 4961 zu

1027 4959 1072 4987 den
1090 4960 1162 4995 schon
1189 4962 1370 4997 vorhandenen
1398 4964 1615 5000 Verschiebungen
1635 4965 1856 5001 (Dislokationen)
1875 4967 1903 4996 in

1026 4999 1068 5026 der
1081 4999 1206 5029 Erdrinde
1227 5002 1358 5036 gefunden.
1390 5004 1460 5038 Auch
1474 5005 1574 5040 frühere
1587 5006 1799 5042 Beobachtungen
1814 5006 1902 5040 weisen

1024 5038 1073 5073 auf
1088 5039 1168 5075 solche
1184 5041 1242 5075 hin.
1278 5042 1341 5072 Wir
1371 5052 1471 5073 nennen
1489 5046 1550 5081 kurz
1575 5046 1615 5075 die
1643 5047 1776 5081 folgenden
1795 5047 1903 5082 Erschei¬

1023 5087 1125 5115 nungen
1137 5089 1145 5109 :

1080 5122 1104 5155 I)
1124 5122 1168 5156 In
1187 5122 1234 5151 den
1248 5122 1332 5157 Alpen
1343 5125 1395 5153 und
1406 5125 1460 5153 dem
1473 5126 1614 5161 Appennin
1628 5127 1682 5163 gibt
1701 5131 1728 5157 es
1740 5129 1901 5162 Ouerbeben,

1023 5160 1108 5195 welche
1128 5162 1302 5198 zonenförmig
1333 5171 1394 5197 quer
1413 5165 1487 5200 durch
1517 5167 1565 5195 das
1584 5167 1694 5202 Gebirge
1713 5167 1836 5203 hindurch
1856 5170 1900 5204 fich

1022 5201 1164 5231 verbreiten
1182 5202 1237 5230 und
1255 5202 1427 5238 Längsbeben,
1457 5205 1544 5240 welche
1562 5207 1736 5243 zonenförmig
1755 5209 1834 5243 läng»
1854 5210 1900 5239 den

1022 5240 1111 5271 Ketten
1133 5241 1177 5276 sich
1196 5241 1338 5276 hinziehen.
1376 5244 1431 5272 Der
1449 5244 1520 5280 Herd
1540 5247 1581 5274 der
1599 5247 1750 5276 Ouerbeben
1768 5249 1830 5282 fällt
1850 5249 1898 5278 mit

1021 5282 1088 5310 einer
1106 5290 1169 5317 quer
1187 5282 1262 5316 durch
1289 5283 1336 5311 das
1356 5282 1468 5319 Gebirge
1486 5286 1612 5320 gehenden
1643 5287 1710 5320 schon
1737 5289 1822 5322 längst
1841 5294 1897 5317 vor¬

1020 5321 1151 5357 handenen
1163 5322 1438 5359 BerschiebungSfläche
1448 5325 1600 5359 zusammen,
1614 5325 1736 5363 derjenige
1746 5328 1788 5356 der
1798 5329 1897 5363 Längs¬

1953 4031 2031 4060 beben
2049 4032 2097 4061 mit
2116 4033 2162 4062 den
2175 4032 2377 4068 Faltenbrüchen
2391 4035 2443 4063 und
2457 4034 2696 4070 Faltenstauungen
2711 4035 2753 4063 der
2767 4036 2829 4065 Erd¬

1953 4072 2025 4102 rinde
2044 4072 2079 4101 im
2099 4071 2218 4109 Gebirge.

2008 4112 2036 4146 2)
2064 4113 2115 4142 Die
2133 4113 2236 4143 Stellen
2263 4115 2375 4148 stärkster
2394 4115 2591 4150 Erschütterung
2616 4115 2765 4151 verschieben
2785 4115 2829 4151 sich

1954 4154 2074 4189 allmälig
2102 4154 2130 4183 in
2159 4154 2310 4189 bestimmter
2338 4155 2467 4191 Richtung
2496 4155 2617 4190 während
2636 4156 2703 4185 einer
2734 4164 2828 4192 ganzen

1954 4194 2186 4229 Erdbebenperiode
2213 4195 2259 4229 auf
2290 4196 2333 4224 der
2360 4196 2645 4231 Verschiebungsfläche,
2674 4196 2761 4230 welche
2790 4197 2829 4226 bei

1952 4235 2104 4264 Ouerbeben
2132 4243 2193 4271 quer
2213 4236 2286 4270 durch
2314 4236 2353 4266 die
2376 4237 2577 4273 Gebirgsketten,
2606 4237 2645 4266 bei
2663 4236 2828 4272 Längsbeben

1953 4275 2000 4304 den
2018 4275 2109 4305 Kettm
2127 4277 2234 4312 entlang
2253 4276 2319 4312 geht.

2009 4320 2036 4355 3)
2055 4320 2186 4350 Erdbeben
2200 4322 2253 4356 find
2266 4322 2294 4350 in
2309 4321 2441 4357 Gegenden
2455 4331 2497 4351 am
2512 4322 2661 4358 häufigsten,
2680 4323 2707 4352 in
2722 4323 2829 4359 welchen

1953 4361 2013 4395 noch
2032 4361 2060 4390 in
2079 4360 2191 4398 jüngster
2204 4362 2262 4398 Zeit
2281 4363 2357 4396 starke
2370 4362 2676 4398 Riveauschwankungen,
2696 4364 2830 4398 besonders

1953 4401 2103 4437 Hebungen,
2123 4402 2262 4437 beobachtet
2276 4402 2379 4433 worden
2399 4403 2452 4437 find
2470 4402 2608 4438 (Sizilien,
2628 4403 2764 4439 Westküste
2777 4411 2830 4435 von

1953 4442 2126 4471 Südamerika
2145 4442 2190 4477 re.)

2007 4488 2035 4522 4)
2064 4488 2114 4517 Die
2133 4487 2263 4518 Erdbeben
2291 4488 2345 4523 find
2364 4489 2403 4523 oft
2421 4494 2472 4518 von
2501 4489 2646 4520 dauernden
2669 4491 2829 4528 Lagerungs-

1953 4529 2158 4563 Veränderungen
2179 4529 2207 4558 in
2226 4529 2266 4558 der
2285 4528 2411 4559 Erdrinde
2428 4529 2554 4565 begleitet.
2589 4531 2625 4560 Es
2644 4531 2699 4565 sind
2712 4532 2741 4561 in
2754 4532 2830 4568 dieser

1953 4569 2080 4605 Richtung
2100 4569 2240 4605 beobachtet
2258 4570 2377 4600 worden:

2008 4623 2033 4644 a.
2062 4614 2194 4651 Plötzliche
2212 4614 2354 4650 Hebungen
2372 4624 2408 4645 an
2426 4615 2523 4649 Küsten
2542 4616 2598 4652 sehr
2616 4616 2715 4653 häufig.

2006 4660 2035 4690 b.
2061 4660 2193 4697 Plötzliche
2212 4660 2367 4696 Senkungen
2386 4670 2422 4690 an
2441 4660 2537 4695 Küsten
2556 4662 2666 4698 ziemlich
2686 4662 2785 4699 häufig.

2007 4715 2030 4735 o.
2061 4706 2179 4740 Spalte»
2208 4705 2243 4734 im
2271 4705 2363 4735 Boden
2391 4706 2421 4736 in
2449 4707 2635 4743 gesetzmäßiger
2665 4708 2828 4743 Anordnung

2062 4746 2177 4780 meistens
2196 4746 2308 4781 parallel
2326 4755 2357 4781 zu
2377 4747 2424 4777 den
2437 4747 2538 4777 Ketten.

2007 4791 2035 4821 d.
2060 4791 2425 4828 Horizontalverschiebungen
2437 4793 2476 4826 (in
2487 4793 2637 4827 Cilabrien,
2648 4793 2727 4825 1783,
2743 4794 2828 4823 wurde

2061 4832 2102 4861 ein
2121 4832 2263 4866 Landstrich
2291 4832 2340 4861 mit
2360 4842 2396 4862 ca.
2419 4835 2469 4862 100
2487 4832 2607 4868 Häusern
2627 4841 2672 4862 um
2693 4832 2725 4867 '/>
2746 4833 2828 4863 Meile

2061 4872 2205 4907 verschoben
2224 4874 2276 4902 und
2297 4873 2325 4902 in
2345 4874 2386 4903 der
2407 4874 2489 4902 Stadt
2503 4873 2650 4908 Catanzaro
2670 4875 2775 4904 wurden
2789 4875 2828 4904 die

2061 4914 2201 4943 Quartiere
2220 4922 2284 4949 ganz
2303 4914 2431 4948 verstellt).

2006 4969 2031 4989 e.
2062 4958 2352 4994 Vertikalverschiebung
2379 4967 2414 4988 an
2442 4958 2572 4992 Spalten,
2602 4959 2715 4991 meistens
2745 4960 2828 4990 indem

2061 4999 2174 5035 jeweilen
2204 5000 2245 5028 der
2272 4999 2455 5033 Spaltenrand
2483 4999 2530 5033 aus
2556 5000 2599 5029 der
2626 5000 2735 5036 gleichen
2754 5000 2829 5031 Seite

2060 5040 2200 5076 gegenüber
2219 5040 2270 5068 dem
2290 5039 2386 5068 andern
2406 5039 2500 5074 gesenkt
2520 5039 2645 5075 erscheint.

2005 5084 2024 5112 f.
2059 5084 2209 5118 Ausweisen
2236 5089 2286 5112 don
2305 5082 2471 5119 Hügelketten
2500 5084 2551 5118 (bei
2561 5085 2675 5114 Sindree
2695 5086 2766 5114 1819
2785 5087 2828 5116 der

2060 5124 2238 5159 Ullah-Bund,
2257 5123 2340 5157 ferner
2359 5125 2456 5153 einmal
2476 5125 2504 5153 in
2528 5125 2717 5159 Deutschland).

2005 5178 2034 5207 g.
2061 5170 2111 5198 Die
2140 5169 2242 5199 Gebiete
2269 5168 2318 5197 mit
2347 5170 2507 5205 ungestörten
2536 5170 2714 5205 Schichtlagen
2744 5171 2827 5205 (Ruß¬

2058 5210 2123 5238 land
2141 5209 2183 5243 re.)
2203 5209 2300 5238 werden
2319 5217 2369 5238 nur
2396 5210 2450 5243 sehr
2468 5209 2546 5243 selten
2565 5215 2616 5238 don
2636 5210 2768 5240 Erdbeben
2788 5212 2827 5240 be¬

2057 5249 2161 5283 troffen,
2181 5249 2220 5277 die
2237 5248 2372 5284 gefalteten
2387 5249 2490 5278 Gebiete
2510 5249 2552 5277 der
2565 5250 2692 5278 Erdrinde
2710 5250 2765 5284 sehr
2778 5251 2825 5285 oft.

2057 5289 2108 5317 Die
2136 5288 2214 5324 große
2241 5289 2379 5323 Mehrzahl
2408 5289 2666 5324 mitteleuropäischer
2693 5290 2824 5319 Erdbeben

2056 5337 2077 5363 z.
2096 5329 2132 5357 B.
2153 5330 2213 5362 fällt
2233 5328 2277 5362 aus
2297 5329 2438 5363 Appennin
2457 5330 2511 5356 und
2531 5329 2627 5363 Alpen.

2930 4036 3002 4072 Diese
3015 4037 3112 4071 Punkte
3132 4039 3183 4067 alle
3195 4039 3306 4074 sprechen
3319 4040 3405 4075 dafür,
3426 4041 3476 4075 daß
3489 4042 3540 4071 wir
3553 4043 3581 4072 in
3593 4044 3638 4074 den
3652 4048 3753 4082 meiste»

2875 4076 3005 4106 Erdbeben
3024 4078 3062 4107 die
3081 4079 3182 4108 weitere
3200 4080 3372 4116 Ausbildung
3391 4081 3534 4118 derjenigen
3554 4084 3752 4119 Dislokationen

2876 4116 3116 4154 (Verschiebungen)
3137 4119 3167 4148 in
3186 4120 3228 4150 der
3247 4121 3375 4150 Erdrinde
3394 4122 3492 4158 fühlen,
3517 4124 3603 4159 welche
3622 4135 3668 4161 zur
3687 4128 3753 4164 Auf.

2875 4158 2985 4194 stauung
3013 4159 3056 4188 der
3075 4159 3187 4196 Gebirge
3214 4161 3317 4197 gesührt
3346 4161 3399 4196 hat.
3437 4163 3488 4193 Eie
3516 4164 3570 4198 find
3598 4165 3635 4195 die
3655 4168 3751 4202 Aeuße-

2874 4206 2974 4233 rungen
2994 4200 3036 4228 der
3064 4200 3123 4233 stet»
3142 4200 3203 4237 noch
3222 4202 3340 4238 langsam
3369 4205 3444 4233 unter
3462 4205 3554 4238 unfern
3574 4206 3664 4242 Füßen
3683 4208 3749 4243 fort¬

2875 4238 3037 4273 schreitenden
3050 4240 3285 4278 GebirgSstauung,
3305 4243 3346 4271 ein
3360 4243 3480 4279 Resultat
3499 4245 3555 4279 also
3574 4247 3615 4275 des
3628 4247 3752 4283 Schrum-

2874 4280 3119 4317 pfungsvorganges
3139 4283 3240 4317 unseres
3259 4284 3318 4316 stets
3332 4284 3417 4314 weiter
3437 4285 3480 4320 fich
3500 4285 3671 4319 abkühlenden
3684 4289 3752 4325 Pla¬

2875 4322 2957 4350 neten.
2996 4322 3040 4350 Ob
3059 4322 3109 4351 wir
3129 4326 3182 4352 uns
3200 4324 3272 4353 dabei
3296 4324 3343 4352 das
3364 4324 3502 4354 Erdinnere
3521 4326 3608 4364 flüssig
3627 4329 3686 4358 oder
3704 4330 3749 4365 fest

2876 4369 2908 4396 zu
2927 4361 3016 4391 denken
3034 4362 3125 4396 haben,
3146 4362 3176 4397 ist
3195 4364 3248 4393 eine
3267 4364 3435 4400 Streitfrage,
3455 4367 3542 4400 welche
3561 4368 3635 4404 unser
3654 4369 3754 4405 Thema

2877 4410 2925 4437 gar
2943 4402 3009 4437 nicht
3027 4403 3104 4432 direkt
3125 4403 3238 4438 berührt.

2931 4442 2969 4472 Es
2988 4443 3043 4479 gibt
3061 4444 3122 4472 aber
3142 4444 3201 4479 noch
3220 4445 3309 4474 andere
3323 4445 3405 4474 Arten
3424 4446 3467 4476 der
3480 4446 3621 4484 Erdbeben,
3641 4450 3680 4480 die
3693 4452 3752 4486 frei¬

2875 4482 2924 4517 lich
2943 4483 2994 4513 viel
3012 4483 3107 4513 lokaler
3126 4484 3189 4519 find,
3216 4485 3260 4514 als
3284 4485 3323 4514 die
3352 4485 3530 4521 besprochenm
3558 4489 3750 4521 Dislokations-

2875 4524 2953 4553 beben
2973 4525 3024 4553 und
3043 4524 3103 4559 auch
3132 4524 3184 4554 viel
3202 4526 3312 4561 weniger
3331 4525 3423 4563 häufig
3443 4528 3575 4559 eintreten.
3612 4531 3676 4560 Dies
3695 4533 3749 4567 find

2876 4565 2914 4593 die
2933 4564 3104 4599 vulkanischen
3123 4565 3263 4600 Erdbeben,
3292 4566 3381 4602 welche
3408 4567 3523 4603 jeweilen
3553 4570 3598 4599 den
3626 4572 3748 4607 größeren

2874 4605 3132 4640 Vulkaneruptionen
3161 4607 3322 4643 dorangehen
3362 4609 3414 4638 und
3447 4609 3486 4638 die
3514 4610 3749 4649 Erschütterungen,

2874 4644 2962 4678 welche
2980 4645 3021 4680 hie
3047 4646 3101 4675 und
3120 4646 3155 4675 da
3183 4648 3257 4683 durch
3275 4648 3420 4684 Höhlenein
3424 4650 3504 4685 stürze
3531 4651 3662 4687 entstehen.
3699 4654 3751 4683 Die

2874 4685 2951 4720 große
2971 4685 3110 4722 Mehrzahl
3129 4687 3173 4716 der
3186 4689 3316 4718 Erdbeben
3336 4689 3393 4723 läßt
3412 4698 3461 4725 gar
3473 4691 3558 4720 keinen
3571 4692 3676 4723 direkten
3694 4694 3749 4730 Zu¬

2874 4726 3056 4762 sammenhang
3075 4727 3123 4756 mit
3143 4728 3317 4765 vulkanischen
3333 4729 3535 4765 Erscheinungen
3555 4732 3712 4768 Nachweisen.

2930 4766 2981 4796 Die
2999 4767 3130 4797 Erdbeben
3160 4770 3290 4804 enthalten
3318 4770 3348 4799 in
3376 4770 3448 4806 ihren
3468 4771 3668 4809 Erscheinungen
3687 4775 3747 4810 noch

2874 4806 3011 4842 zahlreiche
3029 4808 3146 4843 Räthsel,
3166 4818 3200 4839 an
3219 4811 3292 4839 deren
3304 4810 3404 4847 Lösung
3423 4811 3469 4847 fich
3488 4812 3548 4845 noch
3564 4812 3688 4843 Niemand
3707 4823 3748 4850 ge¬

2873 4848 2944 4882 wagt
2963 4847 3019 4883 hat.
3056 4850 3095 4878 Es
3113 4849 3169 4882 find
3188 4851 3226 4879 die
3244 4851 3390 4880 dauernden
3402 4852 3697 4889 Bodrnverschiebungen
3708 4855 3750 4884 bei

2874 4887 2921 4917 den
2940 4890 3040 4924 meisten
3053 4890 3185 4920 Erdbeben
3204 4891 3263 4926 noch
3282 4900 3313 4927 zu
3333 4891 3431 4927 messen,
3451 4893 3498 4922 das
3511 4892 3602 4923 Gebiet
3622 4894 3745 4926 derselben

2874 4928 2938 4962 muß
2958 4935 3007 4959 von
3026 4929 3181 4966 demjenigen
3201 4932 3277 4966 Theil
3297 4932 3448 4968 abgegrenzt
3467 4934 3572 4964 werden,
3601 4935 3686 4968 wohin
3705 4934 3746 4964 die

2875 4968 3071 5006 Erschütterung
3085 4970 3145 4999 blos
3164 4971 3238 5007 durch
3251 4972 3374 5006 klastische
3387 4973 3593 5009 Fortpflanzung
3605 4975 3745 5009 gekommen

2874 5009 2921 5044 ist;
2940 5009 2979 5038 die
2998 5011 3078 5039 lokale
3097 5011 3244 5048 Bewegung
3273 5013 3314 5041 der
3335 5012 3401 5042 Erde
3419 5013 3459 5042 bei
3488 5014 3595 5048 heftigen
3614 5013 3748 5043 Erdbebm

2873 5049 2934 5083 (wie
2952 5049 3095 5085 furchtbare
3121 5052 3234 5088 Schläge
3260 5058 3313 5082 von
3341 5055 3429 5087 unten,
3456 5055 3515 5082 oder
3542 5053 3590 5081 wie
3616 5053 3657 5082 ein
3681 5059 3742 5083 vom

2874 5090 2974 5119 Sturm
2994 5092 3151 5127 gepeitschtes
3165 5093 3247 5128 Meer)
3267 5093 3297 5127 ist
3315 5094 3377 5128 noch
3396 5103 3460 5130 ganz
3472 5094 3600 5122 unerklärt
3613 5094 3665 5123 und
3683 5095 3746 5123 viel¬

2875 5130 2946 5164 leicht
2966 5132 3044 5166 lassen
3063 5132 3108 5167 fich
3127 5132 3188 5167 noch
3206 5142 3267 5162 neue
3285 5132 3668 5168 Herdbestimmungsmethoden
3687 5134 3745 5167 auf¬

2874 5170 2969 5204 finden.
3007 5172 3088 5206 Jedes
3107 5172 3216 5207 einzelne
3235 5174 3367 5203 Erdbeben
3386 5173 3473 5207 bedarf
3492 5173 3560 5201 einer
3579 5173 3745 5208 eingehenden

2872 5210 3072 5247 Untersuchung,
3101 5212 3140 5241 die
3159 5214 3271 5247 zunächst
3291 5214 3372 5249 Form
3391 5214 3443 5242 und
3462 5213 3527 5247 Lage
3547 5214 3589 5241 des
3608 5214 3747 5248 Erschütte-

2872 5251 3043 5286 rungsherdes
3062 5252 3115 5280 und
3134 5253 3213 5288 dessen
3226 5254 3403 5287 Beziehungen
3415 5262 3473 5287 zum
3486 5254 3669 5289 anatomischen
3683 5255 3747 5283 Bau

2870 5292 2914 5319 der
2933 5291 3034 5326 Gegend
3048 5292 3180 5325 aufsuchcn
3199 5293 3253 5327 soll.
3293 5294 3352 5321 Das
3366 5293 3474 5322 Weitere
3488 5294 3554 5322 wird
3569 5294 3611 5328 sich
3626 5295 3746 5329 allmälig

2870 5330 2918 5359 mit
2937 5331 2979 5359 der
2997 5331 3123 5366 Häufung
3144 5332 3186 5360 deS
3205 5332 3538 5368 Beobachtungsmaterials
3559 5334 3669 5369 ergeben.
