4110 5551
181 162 279 225 M
303 160 451 220 18»
489 158 769 234 Zweites
803 155 1293 231 Morgenblatt'

1585 153 1669 223 Der
1705 150 1873 220 Zürcher
1911 150 2083 222 Jcitmig
2127 152 2229 212 132.
2257 148 2493 222 Iahrzmig.

3007 147 3325 220 Montag,
3355 146 3475 210 10,
3499 146 3659 222 Juli
3689 150 3881 216 liTll,

3046 281 3098 359 t

266 747 709 784 AbonnementSpretfe.

183 792 282 821 Zllrich
300 797 365 816 wenn
379 792 413 814 die
428 790 526 818 Z«!,u»-
540 788 642 816 ab»el,oll
655 786 713 810 wir»

770 755 895 778 »Monate
926 754 1049 779 »Monate
1070 755 1205 779 12Monat«

771 786 811 814 gr.
826 787 847 809 S.
858 787 887 809 SO
960 786 993 809 l».
1006 797 1031 803 -
1102 788 1137 810 20.
1168 795 1176 802 -

783 828 795 840 .
826 813 886 835 0.80
959 814 1030 835 12.-
1101 814 1137 836 24.
1147 823 1176 831 —

960 840 1032 862 12.60
1101 842 1175 863 25.-

960 866 993 888 15.
1006 876 1030 883 -
1102 867 1137 890 30.
1147 875 1176 883 —

184 846 307 872 echwet»
331 844 456 871 Bestellung
470 842 524 865 beim
539 842 675 867 Postbureau
696 855 703 863 .
734 853 743 864 .
784 855 794 867 .
825 842 845 863 v.
856 840 886 862 60

245 873 279 895 do.
331 871 372 894 mit
390 870 464 898 Bezug
477 870 542 892 unter
555 867 714 894 Privaiadrili-
732 881 739 891 .
782 868 793 903 ,
825 868 846 890 B.
859 876 884 883 —

183 899 375 926 Deutschland
400 896 526 924 Bestellung
548 895 604 918 beim
619 894 717 921 Postamt
734 909 740 918 .
754 894 800 916 Mt.
823 895 844 917 0.
857 904 883 911 -

183 924 354 952 Oesterrelch
528 924 565 946 d».
734 935 741 944 .
753 920 792 943 «r.
809 921 843 944 ll.
854 921 882 944 »7

184 952 308 979 Jtalten
529 949 567 972 do.
735 962 743 971 .
755 947 797 974 ffr.
825 948 846 970 8.
858 947 887 969 lo

185 979 327 1006 vtuhland
527 976 563 998 do.
736 974 810 997 .Rbl.
825 975 885 996 3.00

186 1004 280 1032 Uebrige
290 1005 386 1027 Staaten
401 1005 440 1026 Le»
456 1002 713 1028 Weltpostderein,
735 1015 741 1024 .
757 1000 797 1028 Fr.
814 1000 887 1022 »2.6»

394 1034 723 1069 Nedakiionsvureau:
742 1030 937 1065 Falkenstrass«
952 1032 997 1061 11.

958 947 993 970 15.
1002 947 1033 970 50
1102 947 1137 969 30.
1147 947 1176 970 85

959 974 992 1022 ^0.
1006 974 1032 994 12
1105 974 1136 995 12.
1146 973 1174 995 2«

1331 824 1479 956 mi>
1547 819 2115 984 schvcheWs
2179 818 2731 979 HaMMM.

3199 776 3588 815 JiiserttoilSpretse:

3063 820 3109 846 Oer
3118 820 3247 849 einspaltige
3257 822 3411 851 Nolonelzetle
3422 825 3471 846 oder
3479 824 3542 845 deren
3553 821 3632 844 Stau«
3646 821 3676 843 25
3691 820 3743 848 Np.,

3063 850 3103 877 sllr
3123 851 3235 880 «n,eigen
3258 854 3428 880 auilSndikchen
3449 853 3584 881 Ursprung»
3598 852 3628 874 «0
3641 851 3693 879 StP,

3214 884 3334 909 viekkame»
3346 887 3380 915 Fr
3400 887 3495 912 1.—per
3502 884 3576 912 Zelle,

3187 924 3305 952 alleinige
3320 926 3447 952 Inserate»
3455 935 3462 946 >
3471 925 3594 950 Slnnatz«»
3605 929 3609 946 :

3057 973 3205 991 ■—u-i—~
3240 960 3404 990 Itmlolf
3419 961 3552 990 Mo«««
3573 975 3659 979 -
3668 974 3724 981 -

2930 998 3050 1022 Slnnoncen
3061 998 3186 1027 Slpedilton
3203 1001 3239 1025 sllr
3254 1000 3296 1022 all«
3310 1000 3476 1027 schwel,er,schen
3491 1003 3537 1024 und
3551 999 3716 1026 «»»lltndlschen
3730 999 3859 1027 Zeitungen

3159 1032 3174 1053 6
3188 1030 3323 1056 Tl,eaterstr.
3343 1028 3446 1062 Zürich
3467 1032 3590 1058 Soetstestr.
3608 1032 3633 1053 10

302 1145 438 1198 Sitzung
456 1146 516 1188 dks
536 1144 672 1195 Großen
692 1142 900 1188 Sladtrates.

429 1214 556 1250 Sitzung
578 1217 645 1243 vom
666 1212 694 1241 8.
715 1211 798 1249 Juli.
816 1239 820 1243 .

216 1272 286 1303 Den
307 1272 413 1308 Vorsitz
436 1271 519 1308 führt
541 1269 701 1306 Präsident
719 1269 828 1304 Paul
850 1269 1009 1299 Keller.

217 1313 277 1342 Die
304 1313 458 1348 Vorlagen
486 1311 559 1341 über
585 1311 634 1341 die
661 1309 895 1346 Durchführung
923 1308 975 1339 der
1004 1308 1066 1337 Mi-

158 1354 352 1389 Tiervastrabe
371 1353 433 1382 und
453 1353 497 1383 die
518 1352 601 1381 Bau-
623 1350 682 1380 unb
704 1350 919 1380 Niveaulinien
940 1354 996 1379 von
1017 1348 1067 1378 der

158 1392 460 1428 Sonnenbergstrasse
486 1400 541 1427 zur
569 1390 785 1426 Aurorasivasse
811 1389 905 1426 gehe»
932 1396 974 1419 an
1003 1390 1066 1418 eine

160 1436 226 1462 vom
253 1433 378 1461 Bureau
405 1440 441 1467 zu
465 1431 619 1466 wählende
644 1430 837 1466 Kommission
863 1435 920 1459 von
947 1429 964 1456 6
991 1427 1066 1458 Mit¬

159 1472 310 1508 gliedern;
332 1472 385 1502 der
403 1471 601 1506 Voranschlag
624 1471 675 1507 für
695 1470 748 1500 den
768 1469 1067 1505 Schlachthofbetricb

161 1512 215 1548 für
236 1512 306 1540 1911
327 1512 390 1541 und
409 1511 457 1541 die
478 1510 637 1546 Rechnung
659 1510 711 1539 des
731 1508 984 1545 Gemeindegutcs
1006 1507 1066 1537 und

159 1552 214 1582 der
235 1553 433 1589 allgemeinen
459 1551 561 1586 Fonds
585 1551 647 1579 und
670 1550 854 1586 Stiftungen
878 1554 944 1579 vom
971 1549 1066 1583 Jahre

161 1591 236 1620 1910
265 1592 357 1628 gehen
385 1600 427 1621 an
458 1590 503 1621 die
533 1589 1063 1626 Mcchnungsprüfungskommission;

159 1631 214 1662 der
234 1632 495 1668 Geschäftsbericht
515 1631 569 1661 des
590 1630 770 1660 StadtraleS
793 1629 844 1666 für
866 1630 939 1657 1910
961 1637 1000 1658 an
1022 1628 1066 1658 die

159 1672 668 1709 GeschäftSprüflingSkommifsion.
687 1670 747 1700 Di«
765 1670 897 1705 Vorlage
917 1670 992 1700 über
1013 1669 1067 1699 den

160 1711 291 1747 Verkehr
306 1721 356 1742 ain
373 1713 465 1742 obern
484 1711 651 1746 Mühlefteg
668 1710 804 1745 während
821 1710 875 1740 des
894 1710 999 1739 Baues
1017 1709 1067 1738 der

162 1751 378 1782 Ilraniabrücke
408 1752 484 1781 wird
513 1759 555 1781 an
585 1751 634 1781 die
665 1750 858 1785 Kommission
892 1749 943 1787 für
975 1748 1067 1785 diese»

161 1792 276 1827 letztere
297 1792 433 1828 Sleschäft
452 1792 604 1828 gewiesen.

199 1833 396 1866 Einrichtung
417 1833 468 1865 für
487 1833 542 1861 den
562 1831 783 1865 ErdtranSport
803 1836 868 1860 vom
890 1830 1067 1863 Oetrnbach-

162 1873 258 1902 arral.
298 1873 479 1908 Stieger
500 1872 649 1908 referiert.
670 1871 713 1900 Es
734 1870 855 1906 handelt
880 1870 926 1906 sich
949 1878 999 1900 um
1023 1869 1067 1899 die

164 1913 316 1948 speziellen
343 1913 576 1947 Einrichtungen
604 1912 656 1947 für
679 1911 734 1940 den
760 1910 937 1940 rationellen
963 1909 1068 1944 Abhub

160 1953 216 1982 deö
237 1951 521 1987 Oetenbachhügels,
542 1952 593 1981 der
612 1952 670 1987 auf
688 1951 755 1981 eine
776 1950 870 1986 Meise
895 1949 1067 1986 stattfinden

164 1993 224 2028 soll,
250 1992 295 2022 die
318 1991 374 2022 den
400 1991 528 2026 Verkehr
555 1993 582 2027 so
606 1992 704 2026 tvcnig
728 1992 776 2020 als
803 1990 922 2025 möglich
949 1989 1068 2026 hemmt.

161 2031 228 2061 Der
251 2033 424 2067 Transport
448 2032 497 2061 der
520 2031 694 2067 Erdmassc»
718 2031 766 2067 soll
788 2039 825 2066 zu
849 2031 962 2066 Wasser
986 2030 1068 2064 statt¬

163 2072 277 2108 finden.
309 2071 513 2107 Gewöhnliche
545 2071 699 2106 Prähmen
730 2071 826 2100 bieten
859 2071 922 2106 hier
955 2070 1069 2106 gewisse

162 2111 321 2147 Nachteile,
343 2113 446 2147 welche
469 2112 518 2147 sich
542 2112 589 2142 bei
614 2112 664 2141 der
687 2111 882 2146 Anwendung
904 2115 963 2140 von
987 2109 1069 2144 Fall-

160 2152 308 2187 prähmen
335 2152 501 2182 vermeiden
531 2152 632 2187 lasse».
660 2151 746 2187 Diese
772 2151 933 2187 mietlreis«
960 2157 997 2186 zu
1022 2156 1069 2178 er¬

161 2191 276 2225 halten.
303 2193 337 2228 ist
362 2192 541 2228 unmöglich;
570 2192 621 2221 der
645 2191 789 2221 Stadtrat
815 2191 976 2225 beantragt
1004 2187 1068 2218 des¬

160 2232 242 2269 halb,
261 2232 307 2261 die
326 2232 441 2268 Schiffe
462 2233 544 2268 selbst
563 2240 600 2267 zu
619 2232 727 2264 bauen,
746 2231 789 2261 die
810 2231 860 2266 sich
883 2231 981 2267 später
999 2229 1069 2264 auch

163 2273 215 2307 für
239 2272 350 2302 andere
375 2273 518 2302 Arbeiten
545 2272 685 2301 rationell
710 2271 882 2301 vertvcndcn
908 2271 978 2300 oder
1006 2273 1068 2298 ver¬

162 2311 269 2347 kaufen
291 2313 391 2347 lassen.
409 2312 476 2341 Der
495 2313 594 2347 nötige
613 2311 716 2341 Kredit
737 2312 786 2346 für
805 2310 852 2340 die
871 2310 1068 2344 Einrichtung

159 2346 256 2388 dieser
276 2350 659 2386 WassertranSportanläge
679 2351 793 2385 beträgt
812 2349 916 2380 90,000
937 2349 988 2383 Fr.
1007 2349 1067 2377 und

160 2390 215 2422 der
239 2391 381 2427 Beschluss
405 2391 456 2426 soll
481 2392 522 2420 im
546 2391 698 2426 Interesse
721 2391 770 2419 der
794 2390 991 2425 Ausnützung
1017 2387 1067 2416 der

161 2431 317 2467 günstigen
340 2430 645 2466 Löasservcrhältnisse
668 2430 717 2459 der
739 2430 869 2458 Limmat
892 2429 943 2458 als
963 2427 1066 2462 dring¬

165 2471 217 2507 lich
241 2471 351 2501 erklärt
371 2469 499 2500 werden.
521 2469 581 2500 Die
604 2469 797 2504 Kommission
823 2469 935 2504 stiinmt
959 2466 1066 2501 diesem

161 2510 282 2545 Antrag
299 2511 356 2542 bei.
372 2510 499 2545 wünscht
516 2510 598 2541 aber,
616 2509 673 2544 dass
692 2509 736 2538 die
753 2506 1066 2543 Trauöportarbeiten

162 2550 197 2579 in
221 2550 329 2579 Akkord
354 2550 494 2585 vergel>en
517 2548 636 2578 tvcrden
664 2549 757 2583 solle».
801 2547 858 2577 Dr.
884 2548 1021 2577 Streu
1035 2546 1066 2575 li

161 2589 215 2624 hat
234 2589 397 2621 Bedenken,
418 2590 475 2624 dass
497 2597 567 2618 man
585 2593 685 2623 ivegen
707 2589 788 2617 eines
808 2587 1066 2616 MaterialtranS-

162 2632 273 2664 porteS,
292 2629 343 2659 der
363 2629 501 2664 vielleicht
522 2629 584 2658 drei
605 2626 730 2656 Monate
749 2627 865 2658 dauert,
884 2627 974 2654 einen
995 2623 1067 2653 Kre¬

161 2668 208 2698 dit
228 2675 283 2699 von
303 2668 406 2699 90,000
429 2669 480 2700 Fr.
497 2668 674 2700 auswerfen
696 2664 763 2692 will.
783 2665 847 2693 Die
864 2663 982 2698 Schiffe
1002 2661 1068 2690 kön-

162 2716 232 2742 nen,
253 2710 309 2738 wie
331 2709 381 2737 der
402 2706 551 2735 Stadtrat
574 2704 658 2739 selbst
678 2703 859 2737 hervorhebt,
884 2703 982 2737 später
1004 2705 1068 2729 vor-

161 2747 342 2781 aussichtlich
375 2752 436 2774 nur
466 2752 502 2779 zu
532 2744 632 2773 einem
662 2743 779 2772 Drittel
811 2741 907 2777 dieser
937 2740 1069 2770 Summ«

161 2785 299 2820 verkauft
317 2784 445 2813 werden.
462 2782 552 2812 Wäre
569 2787 606 2812 e»
625 2783 662 2812 da
680 2782 754 2814 nicht
770 2781 903 2817 möglich,
922 2780 972 2810 die
989 2779 1070 2809 Reu-

159 2825 357 2861 anschaffung
377 2832 413 2859 zu
437 2822 604 2853 vernreiden
626 2822 710 2857 durch
729 2821 901 2857 Benützung
923 2821 975 2850 der
993 2819 1069 2849 See-

163 2864 421 2900 transportschiffe
448 2864 480 2892 in
505 2862 556 2892 der
580 2864 664 2892 toten
689 2861 775 2897 Feit?
802 2861 866 2897 Auf
892 2860 976 2895 jeden
1003 2859 1070 2894 Fall

164 2905 245 2941 sollte
271 2912 341 2933 rnau
368 2904 442 2938 nicht
469 2903 510 2932 im
533 2905 648 2932 voraus
672 2903 757 2932 einen
781 2901 969 2931 eventuellen
996 2899 1068 2929 Ver¬

162 2944 233 2980 kauf
254 2944 303 2974 der
324 2951 420 2973 neuen
442 2943 557 2979 Schiff«
575 2951 614 2979 zu
636 2935 912 2977 Schleuderpreisen
936 2942 967 2970 in
988 2939 1068 2968 Aus¬

160 2984 226 3019 sicht
252 2982 388 3018 nehmen.
432 2982 583 3014 Weber,
609 2983 788 3017 Ingenieur,
813 2982 926 3013 betont,
949 2979 1010 3015 dass
1035 2982 1068 3008 es

161 3025 238 3058 ohne
266 3024 312 3053 die
340 3024 517 3059 beantragte
546 3022 804 3057 Neuanschaffung
834 3019 1068 3053 voraussichtlich

160 3065 239 3097 nicht
262 3064 382 3099 möglich
403 3063 493 3094 wäre,
514 3063 562 3092 die
584 3062 783 3094 Abhubarbcit
806 3062 838 3089 in
859 3060 959 3090 einem
983 3058 1067 3088 Win¬

164 3105 210 3133 ter
238 3111 274 3139 zu
302 3104 489 3139 bewältigen.
516 3102 630 3137 Zudem
658 3101 777 3130 würden
806 3100 865 3135 sich,
894 3101 989 3130 neben
1017 3098 1068 3128 der

162 3143 435 3179 ZeitvcrsäumniS.
459 3142 528 3175 hohe
553 3140 713 3176 Mietzinse
738 3140 796 3170 und
818 3139 987 3173 vermehrt«
1012 3138 1069 3167 Ar¬

164 3183 333 3218 beitslöhne
368 3183 419 3218 für
451 3182 497 3211 die
530 3181 667 3216 stärkere.
685 3179 1068 3214 Bedienungsmannschaft

161 3223 297 3259 ergeben.
319 3222 377 3252 Die
399 3230 492 3257 ganze
514 3222 748 3256 vorgeschlagene
769 3219 1068 3254 TranSporteinrich-

164 3264 239 3299 tiliig
261 3262 293 3297 ist
317 3262 379 3298 sehr
402 3261 558 3297 sorgfältig
580 3261 703 3296 studiert
724 3260 850 3289 worden.
870 3259 977 3289 Kleine
1002 3257 1068 3287 Mo-

161 3304 349 3338 tordampfer
370 3302 528 3338 miettveise
550 3309 585 3337 zu
605 3301 752 3335 erhalten,
770 3300 851 3330 toäre
873 3299 937 3335 selir
960 3299 1068 3334 schwie¬

160 3344 219 3378 rig.
245 3341 307 3372 Mit
329 3342 384 3371 den
408 3342 440 3371 in
463 3341 596 3376 Aussicht
619 3347 830 3376 gcnomme.ncn
854 3339 1068 3375 Fallprähme,l

161 3382 276 3413 köttue»
292 3382 352 3411 wir
368 3382 418 3412 bi»
440 3383 469 3411 in
488 3382 541 3411 den
562 3381 630 3410 Mai
652 3381 782 3410 arbeiten
801 3380 862 3410 und
884 3380 914 3409 in
933 3380 1068 3413 wenigen

161 3421 313 3452 Monaten
330 3421 378 3451 die
398 3429 491 3458 ganze
511 3422 602 3458 grosse
624 3421 728 3450 Arbeit
748 3419 935 3455 bewältigen.

219 3461 285 3492 Der
307 3461 369 3491 Rat
392 3462 463 3491 tritt
485 3461 550 3491 dem
571 3462 705 3496 Anträge
726 3460 776 3490 des
798 3459 982 3489 StadkrateS
1006 3458 1066 3492 bei;

160 3505 219 3531 von
241 3501 277 3529 93
296 3500 492 3536 anwesenden
515 3500 712 3535 Mitgliedern
737 3499 864 3535 sprechen
888 3498 937 3535 sich
957 3497 993 3528 91
1018 3497 1080 3534 für.

160 3542 210 3572 di«
235 3541 448 3578 Dringlichkeit
476 3542 526 3571 deS
552 3541 730 3575 Beschlusses
754 3543 822 3569 au».

219 3582 423 3615 Abänderung
472 3582 524 3611 des
572 3580 833 3613 GoSrcglemrnt».
901 3579 932 3608 G
945 3587 964 3609 u
976 3582 1018 3612 h«
1032 3586 1046 3608 r
1057 3591 1068 3603 -

163 3622 278 3652 Müll
290 3630 321 3651 er
365 3622 523 3654 orientiert
549 3621 621 3650 über
646 3619 693 3649 die
716 3620 846 3655 Vorlage
873 3620 933 3649 und
957 3619 1069 3651 betont,

161 3662 220 3699 dass
244 3666 278 3692 cS
298 3662 350 3692 ein
372 3661 477 3697 Zufall
500 3662 542 3697 ist,
566 3661 623 3696 dass
648 3661 822 3696 gleichzeitig
846 3661 916 3695 auch
941 3660 987 3689 die
1010 3659 1068 3688 Re¬

161 3703 255 3737 vision
282 3702 334 3732 deS
360 3701 556 3737 Reglements
584 3701 636 3735 für
663 3700 777 3735 Abgal»e
804 3700 857 3730 des
884 3699 1066 3735 elektrische»

160 3742 309 3772 Strome»
330 3743 479 3777 vorgclegt
499 3739 584 3770 wird.
607 3740 652 3770 Es
673 3740 792 3775 handelt
813 3741 864 3775 sich
889 3741 1068 3774 keineswegs

159 3790 214 3811 um
237 3783 303 3811 ein«
323 3781 493 3816 ungesunde
517 3779 708 3817 Konkurrenz
728 3781 862 3817 zwischen
885 3780 940 3810 den
962 3779 1068 3809 beiden

159 3822 329 3857 städtischen
354 3820 649 3856 Unternehmungen.
672 3821 758 3853 Beim
783 3828 880 3850 neuen
900 3819 1067 3855 GaSrogle-

163 3864 246 3892 ment
270 3862 305 3896 ist
327 3861 490 3896 wesentlich
515 3861 560 3891 die
584 3861 780 3896 Einführung
800 3862 889 3890 eines
911 3860 1068 3894 Einheits¬

160 3902 275 3938 preises
294 3901 345 3937 für
361 3901 418 3929 das
437 3900 504 3929 GaS
523 3901 583 3930 und
602 3907 682 3936 zwar
701 3903 754 3937 auf
770 3901 860 3934 Basis
878 3900 932 3930 des
950 3899 1067 3935 jetzigen

161 3941 286 3977 Preises
315 3941 366 3976 für
396 3941 562 3976 technisches
592 3940 660 3971 GaS
690 3941 729 3970 im
756 3941 888 3976 Betrage
916 3945 975 3970 von
1005 3939 1069 3970 17.5

160 3980 288 4017 Rappen
311 3981 362 4017 für
385 3980 440 4010 den
463 3980 661 4010 Kubikmeter.
684 3981 759 4011 Dem
782 3981 905 4017 Ausfall
927 3987 970 4010 an
995 3978 1067 4008 Ein¬

162 4022 293 4057 nahmen
318 4020 404 4056 durch
429 4021 503 4057 diese
528 4020 696 4050 Reduktion
722 4020 790 4056 sieht
815 4020 867 4051 der
893 4029 931 4057 zu
956 4025 1068 4050 erwar-

163 4062 252 4091 teude
286 4060 534 4096 Mehrverbrauch
567 4061 733 4096 gegenüber
765 4061 826 4090 und
861 4061 906 4090 die
941 4059 1068 4096 Erspar¬

162 4102 245 4137 nisse,
270 4101 371 4136 welche
399 4101 448 4136 sich
475 4101 560 4136 durch
589 4102 644 4129 daö
672 4100 988 4137 Ueberflüssigwerden
1016 4100 1069 4129 deS

160 4142 287 4175 ztvciten
310 4140 500 4176 Gasmessers
522 4141 657 4175 ergebe».
679 4141 738 4170 Die
760 4141 924 4176 Nenernng
948 4140 983 4176 ist
1004 4140 1068 4175 also

161 4181 310 4216 durchaus
341 4182 482 4211 rationell
509 4181 571 4211 und
605 4181 650 4211 die
681 4181 875 4216 Kommission
907 4181 1068 4215 beantragt

160 4220 332 4251 Eintreten.
378 4220 570 4250 CadcraS
601 4222 702 4257 spricht
731 4221 780 4257 für
808 4221 989 4255 Ablehnung
1018 4220 1068 4248 der

160 4260 302 4295 Vorlage,
325 4265 376 4290 vor
396 4261 486 4291 allen,
510 4261 642 4295 deshalb,
663 4262 730 4291 weil
752 4261 836 4297 durch
858 4261 897 4295 sie
921 4260 967 4291 di«
988 4259 1067 4288 Kon¬

163 4298 289 4335 kurrenz
321 4301 457 4336 zwischen
490 4301 559 4330 GaS
595 4301 653 4331 und
688 4301 875 4336 Elektrizität
909 4299 1067 4335 verschärft

160 4338 237 4369 wird
267 4338 327 4367 und
357 4345 439 4375 ztvar
468 4342 630 4377 zugunsten
662 4341 712 4371 deS
741 4341 848 4377 Gases,
894 4344 962 4369 was
994 4339 1067 4375 nicht

161 4378 407 4413 wünschenswert
440 4379 492 4415 ist..
528 4380 637 4416 S'gg
668 4381 833 4416 unterstützt
863 4381 918 4414 den
946 4379 1067 4415 Antrag

160 4421 215 4449 deö
238 4417 427 4448 Vorredners
453 4419 491 4447 im
517 4419 645 4453 Hinblick
667 4423 723 4456 auf
744 4421 798 4451 den
822 4420 1066 4456 EinnahmeauS-

162 4460 225 4495 fall,
244 4460 363 4493 welcher
381 4458 431 4489 der
450 4457 546 4488 Stadt
564 4460 724 4494 erwachsen
743 4460 816 4489 wird
839 4461 900 4489 und
921 4460 967 4490 di«
987 4460 1066 4489 Kon¬

163 4499 296 4535 kurrenz.
317 4499 365 4529 di«
387 4499 439 4529 der
459 4499 643 4533 elektrischen
667 4499 755 4534 Kraft
780 4500 840 4529 und
863 4500 1066 4535 Beleuchtung

162 4540 286 4574 dadurch
309 4539 443 4574 entsteht.
467 4539 526 4570 Die
552 4539 643 4573 Kohl«
670 4539 779 4574 müssen
804 4541 862 4569 tvir
888 4539 1063 4576 cinfühcen;

158 4580 207 4610 die
230 4579 419 4617 Elektrizität
441 4581 531 4615 geben
554 4583 615 4608 uns
635 4580 742 4615 unser«
761 4578 982 4616 Wasserkräfte,
1006 4578 1066 4608 und

162 4624 195 4648 c»
220 4620 292 4655 liegt
316 4620 379 4656 also
405 4621 444 4649 im
468 4619 798 4655 volkswirtschaftlichen
823 4619 984 4655 Interesse,
1011 4619 1067 4654 dass

158 4659 218 4688 wir
239 4658 293 4687 den
314 4659 441 4689 Ausbau
463 4660 512 4689 der
532 4659 831 4695 Elektrizitätswerke
853 4659 983 4695 fördern.
1006 4658 1065 4694 Zu¬

159 4699 224 4730 dem
250 4697 355 4727 kommt
378 4700 424 4728 die
447 4700 613 4730 Reduktion
636 4701 687 4730 des
710 4700 983 4736 LeuchtgaSpreise»
1007 4706 1067 4728 nllr

158 4746 272 4775 enger»
296 4737 421 4774 Kreisen
447 4743 565 4776 zugute,
593 4741 652 4769 und
677 4741 713 4775 sie
740 4741 811 4770 kann
841 4741 870 4769 in
895 4739 947 4769 der
974 4738 1065 4775 Folge

162 4777 309 4809 eventuell
342 4786 379 4814 zu
410 4779 495 4808 einer
527 4780 691 4816 Evhöhuim
726 4780 775 4810 de»
809 4779 1066 4815 Einheitspreises

159 4821 303 4855 zwinge».
341 4816 376 4846 M
389 4825 407 4846 a
420 4825 438 4846 n
449 4826 465 4853 z
477 4831 487 4842 -
497 4819 528 4847 S
539 4820 565 4853 ch
576 4820 595 4847 ä
607 4826 624 4854 p
635 4825 653 4854 p
666 4822 674 4850 j
694 4822 726 4856 ist
744 4821 794 4858 für
811 4821 984 4851 Eintreten.
1001 4819 1066 4850 Der

161 4859 333 4894 Uebcrgang
363 4865 419 4893 zur
446 4857 629 4893 elektrischen
661 4859 857 4899 Installation
891 4860 966 4891 wird
999 4860 1067 4896 trotz

159 4900 212 4929 der
243 4898 451 4934 Verbilligung
481 4899 533 4927 de»
563 4898 710 4928 Stromes
739 4906 837 4936 ivegen
869 4901 921 4931 der
952 4901 1065 4938 grossen

159 4940 265 4976 Kosten
288 4939 360 4974 nicht
383 4939 410 4974 so
433 4938 508 4973 rasch
528 4942 580 4967 vor
601 4937 651 4973 sich
669 4939 773 4974 gehen;
799 4940 922 4975 deshalb
945 4941 979 4977 ist
1001 4945 1065 4970 vor¬

161 4979 290 5015 derhand
319 4979 364 5009 die
394 4979 617 5013 Erleichterung
647 4978 698 5007 de»
725 4978 999 5016 LeuchtgaSpreise»
1028 4989 1064 5016 zu

156 5020 310 5056 Iwgrnssen
331 5020 391 5048 und
411 5027 447 5055 zu
469 5018 672 5052 unterstützen.
710 5018 737 5047 B
748 5026 763 5046 o
775 5018 790 5046 d
804 5026 831 5046 in
845 5026 858 5047 e
872 5027 887 5047 r
900 5032 909 5043 -
921 5019 957 5048 M
970 5027 984 5048 e
995 5019 1013 5048 b
1024 5027 1038 5049 e
1051 5028 1065 5049 r

157 5065 223 5089 war
255 5059 460 5096 ursprünglich
491 5062 549 5087 ans
581 5057 759 5093 fiskalischen
790 5057 942 5088 Gründen
972 5066 1062 5095 gegen

157 5100 214 5129 de»
243 5100 498 5136 vorgeschlagenen
526 5097 756 5133 Einheitspreis,
783 5097 834 5133 hat
861 5099 932 5127 aber
961 5098 1063 5134 inzwi¬

159 5141 236 5175 schen
258 5139 333 5175 seine
355 5139 504 5175 Meinung
522 5138 675 5174 geändert,
695 5142 744 5167 vor
761 5138 851 5167 allem
869 5145 913 5167 »in
933 5134 1064 5172 Hinblick

157 5181 214 5214 auf
246 5179 292 5208 die
327 5179 374 5215 sich
404 5178 587 5216 ergehenden
621 5177 901 5213 organisatorischen
936 5177 1062 5206 Verein¬

159 5221 319 5255 fachungen
353 5221 411 5249 und
445 5220 489 5249 die
522 5220 751 5254 Einsparungen
784 5225 822 5246 an
856 5217 1078 5253 Gasmessern..

159 5259 281 5294 Machen
308 5259 344 5293 sie
365 5260 423 5289 den
450 5259 570 5295 Ausfall
596 5260 626 5287 in
653 5255 718 5287 den'
730 5258 821 5293 ersten
848 5256 967 5292 Jahren
991 5256 1061 5290 a»ich

159 5300 223 5335 noch
248 5299 322 5332 nicht
347 5303 427 5330 iveti.
453 5301 480 5335 so
504 5299 579 5328 wird
605 5299 654 5333 sich
676 5299 723 5327 die
746 5297 910 5334 Neuerung
935 5298 991 5333 auf
1015 5297 1063 5326 die

157 5338 257 5375 Läng«
274 5340 452 5375 entschieden
472 5340 533 5374 doch
553 5338 716 5373 l>ewähre».
732 5338 801 5368 Da»
818 5336 925 5373 Opfer,
943 5337 999 5367 da»
1015 5336 1063 5366 die

156 5378 323 5415 städtischen
355 5378 512 5416 Finanzen
545 5380 680 5416 bringen,
713 5379 815 5408 kommt
849 5377 914 5407 dem
947 5377 1061 5407 kleinen

1109 1124 1226 1154 Manne
1245 1125 1351 1159 zugute
1373 1122 1432 1152 und
1452 1123 1507 1152 den
1526 1122 1655 1157 Nachteil
1674 1120 1750 1151 wird
1769 1120 1843 1155 nicht
1860 1119 1908 1149 die
1929 1118 2011 1148 Elek¬

1108 1163 1235 1200 trizität,
1266 1162 1391 1199 sondern
1421 1163 1477 1191 da»
1507 1162 1680 1196 Petroleum
1714 1163 1828 1195 tragen,
1858 1159 1913 1188 das
1942 1158 2011 1193 auch

1111 1204 1279 1239 importiert
1306 1201 1391 1231 wird.
1438 1201 1504 1231 Wir
1532 1202 1634 1231 wollen
1663 1201 1708 1230 die
1738 1200 1933 1234 Einrichtung
1961 1198 2013 1227 der

1106 1242 1368 1278 GaSbclelichtung
1391 1243 1418 1277 so
1438 1242 1497 1271 viel
1517 1242 1569 1270 als
1589 1241 1707 1276 möglich
1730 1239 2009 1274 verallgemeinern;

1107 1284 1172 1313 eine
1195 1282 1513 1317 Verallgemeinerung
1535 1281 1586 1310 der
1608 1280 1789 1316 elektrischen
1811 1279 2011 1314 Beleuchtung

1111 1324 1143 1359 ist
1171 1322 1354 1357 vorderhand
1383 1327 1483 1357 wegen
1509 1321 1563 1351 der
1589 1320 1678 1355 hohen
1707 1319 1813 1354 Kosten
1844 1319 1907 1353 noch
1938 1318 2011 1352 nicht

1111 1361 1238 1397 möglich.
1285 1361 1545 1391 Debrunner
1572 1360 1644 1395 hielt
1671 1359 1731 1389 das
1761 1358 1929 1394 Argument
1960 1357 2012 1386 de»

1108 1402 1306 1433 Vorredners,
1323 1401 1384 1436 dass
1403 1401 1447 1431 di«
1467 1401 1672 1436 Verbilligung
1693 1399 1724 1428 in
1743 1400 1833 1434 erster
1851 1397 1938 1427 Linie
1954 1397 2013 1426 den

1110 1441 1358 1477 Arbeiterkreisen
1387 1442 1495 1476 zllgnte
1526 1439 1637 1471 kommt,
1666 1439 1719 1476 für
1747 1438 1900 1473 unrichtig.
1947 1436 2012 1465 Der

1109 1482 1241 1518 Konsum
1265 1481 1356 1517 dieser
1380 1481 1482 1516 Kreise
1505 1481 1538 1516 ist
1561 1481 1589 1515 so
1609 1481 1725 1515 gering,
1749 1478 1805 1513 dass
1829 1485 1859 1507 er
1881 1481 1938 1506 von
1961 1476 2012 1505 der

1110 1521 1274 1551 Reduktion
1293 1521 1367 1555 nicht
1389 1520 1512 1554 berührt
1531 1519 1615 1548 wird.
1635 1519 1678 1549 Er
1699 1517 1867 1552 unterstützt
1889 1516 2011 1551 deshalb

1108 1561 1161 1591 den
1178 1561 1293 1597 Antrag
1309 1560 1454 1591 CadcraS,
1471 1566 1605 1595 wogegen
1621 1558 1712 1595 Gsch
1724 1557 1834 1586 wend
1851 1556 2011 1586 Eintreten

1108 1601 1311 1638 befürwortet.

1165 1640 1311 1670 Stadtrat
1333 1639 1357 1674 F
1369 1648 1386 1668 r
1398 1640 1405 1668 i
1420 1641 1429 1668 t
1443 1640 1454 1675 s
1464 1640 1490 1675 ch
1504 1641 1512 1669 i
1534 1640 1658 1674 l>egreift
1679 1638 1766 1673 nicht,
1786 1637 1841 1666 wie
1864 1644 1935 1665 man
1956 1635 2011 1664 den

1109 1680 1217 1716 Nlltzen
1238 1681 1288 1709 der
1306 1680 1516 1715 Verbilligung
1538 1680 1588 1714 für
1605 1679 1662 1708 alle
1681 1677 1785 1712 Kreise
1804 1677 1855 1706 der
1874 1675 2013 1705 Bevölke¬

1112 1729 1187 1756 rung
1215 1720 1387 1756 beztveifeln
1413 1720 1499 1748 karin.
1542 1718 1607 1748 Der
1633 1719 1727 1748 kleine
1755 1716 1853 1745 Man»
1881 1716 2013 1751 gewinnt

1111 1760 1194 1795 durch
1220 1760 1346 1796 Wegfall
1372 1759 1425 1789 der
1451 1759 1582 1794 Beträge
1611 1759 1660 1795 für
1686 1756 1735 1787 die
1762 1756 2012 1792 Znsahflammen

1112 1801 1220 1830 relativ
1244 1801 1270 1836 so
1293 1800 1349 1829 viel
1370 1800 1426 1829 wie
1449 1799 1499 1828 der
1519 1799 1609 1834 grosse
1629 1797 1826 1833 Konsument.
1847 1796 1893 1831 In
1916 1797 2013 1825 vielen

1110 1839 1257 1876 Häusern,
1269 1845 1313 1869 wo
1328 1839 1416 1874 heute
1435 1840 1512 1875 schon
1530 1839 1656 1874 Kochgaö
1674 1837 1787 1872 benützt
1802 1835 1887 1867 wird,
1905 1835 2013 1864 brennt

1112 1888 1180 1909 inan
1210 1880 1270 1915 jetzt
1298 1887 1334 1915 zu
1362 1878 1700 1914 BeleuchtnngSzwecken
1732 1877 1797 1911 noch
1826 1875 2013 1910 Petroleum.

1110 1919 1183 1954 Hier
1210 1919 1285 1949 wird
1312 1919 1367 1948 daö
1395 1919 1464 1948 GaS
1494 1919 1538 1948 bei
1586 1916 1793 1951 Verbilligung
1823 1915 2013 1950 Fortschritte

1113 1959 1234 1994 machen.
1253 1959 1321 1988 DaS
1340 1959 1409 1987 GaS
1426 1959 1501 1987 wird
1522 1959 1588 1992 trotz
1607 1958 1655 1987 der
1673 1955 1840 1986 Reduktion
1860 1955 1910 1984 der
1930 1955 2012 1984 Elek¬

1113 1999 1228 2034 trizität
1261 1999 1332 2034 nicht
1364 1998 1523 2034 gefährlich
1554 1996 1746 2031 Konkurrenz
1778 1996 1901 2030 machen.
1952 1995 2013 2023 Die

1112 2038 1259 2073 bisherige
1288 2038 1510 2073 doppelspurige
1541 2037 1677 2070 Methode
1728 2036 1837 2070 zwingt
1868 2039 1929 2063 uns
1958 2042 2013 2069 zur

1112 2078 1279 2113 Totlcgnng
1309 2082 1366 2106 von
1397 2078 1573 2111 Kapitalien
1605 2078 1644 2106 im
1675 2076 1800 2112 zweiten
1831 2074 2014 2108 Gasmesser.

1112 2117 1179 2146 Wir
1200 2118 1302 2153 hoffen
1327 2119 1439 2153 ferner,
1465 2117 1548 2151 durch
1576 2117 1619 2146 die
1643 2114 1839 2150 Einführung
1861 2114 1915 2143 des
1941 2113 2013 2143 Ein¬

1111 2157 1302 2194 heitspreises
1332 2157 1491 2193 zahlreiche
1522 2156 1756 2192 Liegenschaften
1788 2155 1838 2190 für
1865 2154 1923 2183 den
1951 2154 2013 2182 An¬

1114 2198 1207 2234 schluss
1226 2205 1263 2233 zu
1282 2198 1448 2233 gewinne»,
1466 2197 1514 2227 die
1536 2196 1619 2231 heute
1637 2194 1735 2225 weder
1755 2194 1823 2223 GaS
1845 2194 1909 2226 noch
1931 2193 2012 2223 Elek¬

1114 2237 1230 2274 trizität
1256 2237 1357 2272 haben.
1402 2237 1510 2272 Sigg
1539 2237 1636 2271 spricht
1662 2235 1814 2269 nochmals
1839 2242 1930 2269 gegen
1956 2233 2012 2262 den

1112 2277 1342 2311 Einheitspreis,
1368 2276 1413 2305 die
1439 2277 1597 2312 fiskalische
1622 2276 1710 2304 Seite
1737 2274 1787 2302 der
1812 2274 1909 2308 Frage
1932 2273 2010 2301 beto¬

1113 2317 1196 2345 nend.
1220 2317 1279 2346 Die
1304 2317 1525 2350 Verdrängung
1550 2316 1600 2344 de»
1626 2314 1820 2348 Petroleums
1846 2312 1930 2345 durch
1954 2312 2009 2340 das

1110 2356 1177 2384 S!a»
1195 2356 1269 2384 wird
1291 2355 1374 2389 durch
1394 2355 1438 2384 di«
1458 2355 1663 2389 Verbilligung
1685 2353 1769 2382 kaum
1789 2351 1919 2386 erreicht,
1941 2351 2007 2380 lveil

1106 2395 1155 2423 die
1177 2395 1208 2423 in
1231 2395 1327 2429 Frage
1348 2394 1537 2423 kommenden
1556 2393 1659 2428 Kreise
1680 2392 1727 2422 bei
1750 2391 1829 2425 ihrer
1852 2392 2007 2425 mangeln¬

1109 2434 1162 2462 den
1182 2433 1403 2469 Sesshaftigkeit
1424 2434 1468 2462 die
1490 2432 1593 2463 Mittel
1615 2433 1689 2466 nicht
1708 2431 1813 2465 haben,
1835 2437 1887 2466 zur
1911 2438 2006 2458 neuen

1107 2473 1305 2509 Installation
1321 2473 1536 2508 überziehen.

1163 2513 1228 2541 Der
1251 2512 1311 2542 Rat
1331 2512 1503 2548 entscheidet
1528 2513 1576 2547 sich
1599 2513 1629 2541 in
1653 2510 1703 2541 der
1726 2510 2007 2545 Abstimmung

1110 2553 1163 2581 mit
1179 2552 1215 2579 74
1231 2560 1321 2588 gegen
1339 2552 1375 2579 15
1392 2552 1548 2581 Stiuimen
1566 2552 1617 2587 für
1634 2551 1795 2580 Eintreten
1812 2550 1866 2584 auf
1882 2549 1930 2578 die
1946 2549 2006 2577 De¬

1111 2592 1325 2626 tailberatung,
1350 2591 1397 2620 di«
1419 2592 1524 2619 weiter
1546 2599 1584 2625 zu
1607 2589 1702 2619 keiner
1726 2588 1900 2623 Diskussion
1928 2587 2009 2621 mehr

1109 2630 1210 2664 Anlass
1225 2630 1297 2663 gibt.
1312 2630 1373 2658 Die
1390 2629 1525 2664 Anträge
1539 2634 1595 2658 von
1612 2627 1807 2662 Kommission
1824 2627 1884 2655 und
1902 2626 2010 2654 Stadt¬

1112 2670 1159 2697 rat
1181 2668 1297 2697 ivevden
1321 2668 1524 2697 unverändert
1544 2667 1721 2702 genehmigt.
1743 2666 1813 2694 DaS
1836 2665 2012 2700 Reglement

1112 2707 1179 2735 tritt
1201 2707 1257 2735 mit
1277 2707 1340 2735 dem
1362 2707 1407 2734 15.
1427 2706 1539 2741 August
1561 2706 1629 2732 1911
1652 2706 1684 2734 in
1704 2704 1807 2739 Kraft.

1168 2750 1304 2782 Revision
1322 2750 1375 2780 de»
1392 2750 1586 2782 Reglements
1604 2751 1653 2783 für
1670 2749 1719 2779 die
1734 2748 1851 2781 Abgabe
1868 2752 1924 2776 von
1942 2749 2013 2777 elck-

1112 2790 1244 2823 tklfihent
1271 2789 1393 2819 Strom.
1442 2790 1519 2823 Auch
1545 2789 1610 2824 hier
1638 2787 1798 2819 orientiert
1846 2787 2013 2821 Guher-

1112 2828 1147 2857 M
1160 2830 1179 2859 ü
1191 2829 1201 2858 l
1215 2830 1251 2858 l«
1263 2836 1286 2858 r.
1320 2829 1388 2858 Der
1404 2829 1537 2864 Konsum
1554 2838 1594 2858 an
1613 2827 1803 2862 Elektrizität
1819 2826 1871 2861 hat
1886 2826 1940 2862 sich
1958 2827 2013 2861 seit

1113 2869 1173 2898 dem
1194 2869 1263 2898 Bau
1281 2869 1335 2898 de»
1353 2869 1578 2898 AlbulawerkeS
1594 2867 1757 2898 bedeutend
1775 2867 1931 2902 gesteigert
1951 2866 2012 2895 und

1112 2909 1268 2944 übertrifft
1294 2908 1342 2938 die
1375 2909 1528 2944 seinerzeit
1558 2909 1608 2945 für
1637 2907 1710 2934 1910
1742 2907 1772 2936 in
1802 2906 1936 2940 Aussicht
1964 2913 2011 2941 ge¬

1113 2956 1287 2979 nommenen
1301 2948 1420 2984 Ansätze
1439 2949 1516 2984 schon
1534 2956 1585 2977 um
1603 2948 1656 2977 daS
1673 2947 1828 2982 Doppelte.
1845 2947 1934 2978 Dies,
1951 2946 2011 2975 uird

1109 2993 1162 3017 vor
1174 2988 1264 3017 allein
1280 2988 1338 3017 da»
1356 2988 1524 3022 Bestreben,
1542 2989 1594 3017 de»
1612 2987 1779 3020 Verbrauch
1798 2986 1848 3015 deö
1865 2986 2012 3015 Strome»

1112 3028 1201 3057 neben
1231 3029 1282 3058 der
1310 3027 1680 3064 HauptbeleuchtnngSzeit
1711 3035 1746 3062 zu
1777 3026 1931 3061 forciere»,
1958 3026 2010 3059 hat

1110 3075 1165 3103 zur
1183 3068 1422 3103 gegenwärtigen
1444 3068 1575 3104 Vorlage
1594 3067 1725 3103 geführt,
1745 3067 1845 3100 »velche
1867 3065 1933 3095 eine
1953 3070 2011 3094 we¬

1112 3109 1243 3143 sentliche
1265 3107 1576 3143 Stromverbilligung
1594 3108 1704 3142 bringt.
1725 3105 1792 3135 Wir
1811 3105 1904 3139 haben
1924 3105 2011 3139 heute

1112 3156 1159 3176 am
1189 3147 1378 3177 Aibulawerk
1409 3148 1464 3177 mit
1494 3149 1577 3176 ciuer
1607 3147 1774 3183 konstanten
1805 3145 1944 3180 Ausgabe
1972 3153 2011 3181 zu

1114 3188 1242 3222 rechnen,
1259 3187 1295 3217 ob
1315 3188 1375 3217 viel
1396 3187 1466 3217 oder
1488 3188 1582 3223 wenig
1603 3188 1713 3216 Strom
1736 3185 1905 3219 verbraucht
1928 3185 2012 3214 wird.

1113 3227 1155 3256 Es
1172 3228 1244 3263 liegt
1258 3227 1350 3262 daher
1366 3229 1423 3262 auf
1438 3227 1491 3256 der
1508 3226 1605 3262 Hand,
1623 3227 1679 3263 dass
1693 3226 1729 3255 cs
1747 3226 1778 3254 in
1797 3227 1934 3260 unserem
1950 3225 2011 3259 In¬

1114 3268 1212 3302 teresse
1237 3268 1279 3302 ist.
1304 3267 1358 3297 den
1384 3267 1651 3302 Stromverbrauch
1678 3268 1706 3302 so
1734 3266 1791 3295 viel
1815 3266 1865 3294 als
1893 3265 2011 3300 möglich

1112 3315 1147 3342 zu
1176 3308 1308 3342 steigern,
1334 3307 1396 3336 und
1424 3313 1503 3343 zwar
1531 3312 1583 3336 vor
1608 3306 1695 3336 allem
1725 3306 1757 3335 in
1785 3305 1838 3333 den
1866 3304 2010 3333 Stunden

1110 3347 1275 3382 ausserhalb
1305 3347 1355 3377 der
1385 3346 1765 3382 Hauptbcleuchtungszeit.
1796 3345 1872 3380 Zum
1904 3343 2010 3378 Zrvccke

1111 3386 1161 3416 der
1182 3387 1450 3423 Differenzierung
1476 3388 1505 3416 in
1528 3386 1584 3416 den
1607 3386 1733 3423 Preisen
1757 3385 1791 3420 ist
1812 3384 1858 3414 die
1880 3382 2011 3418 Einfüh-

1097 3453 1105 3457 .
1114 3434 1195 3462 rnrig
1224 3431 1293 3456 von.
1312 3427 1631 3462 Doppeltarifzählern
1662 3424 1847 3460 vorgesehen.
1879 3424 1924 3459 ES
1960 3424 2009 3459 soll

1110 3466 1223 3503 künftig
1239 3475 1297 3497 nur
1314 3467 1380 3501 noch
1393 3467 1443 3496 ei»
1458 3465 1729 3503 Tartfunterschied
1746 3465 1878 3500 zwischen
1895 3463 2010 3498 Haupt-

1111 3507 1378 3542 leleuchtungSzeit
1396 3507 1456 3536 und
1478 3506 1527 3536 der
1544 3507 1667 3541 übrigen
1686 3505 1765 3540 Tag-
1785 3504 1845 3533 und
1863 3503 2010 3538 Nachtzeit

1108 3548 1234 3582 gemacht
1250 3547 1376 3577 werden.
1391 3546 1450 3576 Die
1464 3547 1654 3582 eigentlichen
1668 3544 1762 3581 hohen
1779 3544 2009 3579 Beleuchtungs¬

1113 3585 1297 3623 tarifansätze
1326 3586 1457 3616 kommen
1489 3587 1539 3622 für
1565 3586 1611 3615 die
1638 3583 2009 3620 HauptbeleuchtnngSzeit

1112 3626 1149 3661 (1.
1166 3626 1254 3661 April
1268 3626 1317 3656 bi»
1333 3626 1379 3655 31.
1392 3626 1506 3661 August
1525 3632 1580 3655 von
1594 3625 1662 3661 halb
1678 3625 1695 3651 7
1714 3625 1762 3653 bi»
1778 3624 1795 3651 0
1813 3623 1872 3657 Uhr
1889 3621 2010 3655 alxmds,

1111 3665 1136 3694 1.
1159 3666 1338 3701 September
1363 3666 1410 3695 bis
1435 3666 1482 3694 81.
1506 3665 1594 3701 März
1620 3670 1675 3694 von
1698 3663 1769 3699 halb
1794 3664 1812 3691 5
1836 3663 1882 3693 bis
1906 3663 1924 3689 9
1948 3661 2010 3696 Uhr

1109 3707 1313 3741 nachmittags)
1331 3714 1387 3742 zur
1400 3706 1538 3742 Geltung
1555 3706 1614 3735 und
1628 3712 1708 3741 zwar
1724 3712 1760 3740 zu
1773 3703 1810 3731 60
1825 3703 1880 3737 Rp.
1898 3703 1948 3735 für
1964 3702 2009 3732 die

1110 3746 1202 3781 ersten
1226 3746 1307 3777 5000,
1330 3754 1366 3782 zu
1392 3746 1427 3773 50
1450 3745 1507 3780 Rp.
1533 3746 1583 3781 für
1603 3745 1650 3775 die
1670 3743 1829 3781 folgenden
1853 3743 1927 3770 5000
1949 3741 2009 3770 und

1109 3793 1145 3822 zu
1165 3785 1200 3813 40
1219 3785 1275 3821 Rp.
1297 3787 1347 3821 für
1366 3786 1440 3816 über
1462 3786 1562 3817 10.000
1581 3784 1858 3819 Kilswattslunden.
1879 3782 1943 3817 Für
1962 3781 2010 3811 die

1111 3826 1213 3862 übrige
1235 3826 1302 3861 Zeit
1325 3827 1358 3861 ist
1381 3826 1429 3855 ein
1451 3827 1536 3862 fester
1557 3826 1657 3861 Ansatz
1679 3829 1735 3854 von
1756 3823 1792 3851 20
1813 3822 1867 3858 Rp.
1891 3822 1942 3858 für
1963 3821 2009 3851 die

1110 3866 1358 3901 Kilowattstunde
1392 3866 1575 3902 vorgesehen.
1606 3864 1715 3895 Damit
1748 3863 1821 3892 wird
1850 3863 2010 3897 einerseits

1110 3907 1174 3936 eine
1198 3905 1322 3941 Hebung
1342 3907 1396 3935 des
1417 3906 1571 3941 Konsums
1592 3905 1675 3940 durch
1699 3903 1876 3939 Bügeleisen
1899 3910 1930 3931 u.
1951 3902 2010 3937 dgl.

1108 3946 1273 3982 angestrebt
1293 3946 1352 3975 und
1369 3946 1539 3981 anderseits
1553 3946 1610 3975 den
1629 3944 1836 3979 Wirtschaften
1856 3943 1925 3978 usw.
1944 3942 2010 3972 eine

1109 3987 1244 4022 auSgiebi
1336 3986 1507 4021 Benützung
1527 3986 1579 4015 deö
1596 3985 1780 4020 elektrischen
1800 3983 1944 4012 Stromes
1963 3989 2009 4011 er¬

1112 4025 1253 4062 möglicht.
1294 4029 1358 4055 „\,S
1377 4026 1663 4061 Entgegenkommen
1682 4023 1849 4060 gogenül'er
1865 4023 1922 4051 den
1943 4022 2010 4050 klei¬

1111 4074 1166 4095 nen
1181 4066 1378 4095 Abonnciitcn
1395 4066 1499 4100 besteht
1517 4066 1556 4095 im
1572 4065 1725 4100 Verlassen
1743 4064 1794 4092 des
1810 4062 1884 4096 bish.
1899 4062 2010 4097 Höchst¬

1108 4106 1239 4141 ansatzes
1261 4112 1316 4135 von
1339 4106 1376 4132 70
1397 4105 1454 4140 Rp.
1478 4105 1536 4135 Di«
1558 4105 1750 4140 berechtigten
1773 4102 1936 4138 Ansprüche
1960 4101 2010 4130 der

1111 4145 1386 4180 Gros^ibonnenten
1401 4147 1458 4181 auf
1475 4145 1588 4174 Rabatt
1604 4145 1719 4174 werden
1738 4143 1821 4175 durch
1839 4144 1891 4172 den
1909 4142 2011 4176 Ansatz

1109 4190 1165 4214 von
1186 4185 1223 4212 40
1245 4185 1300 4219 Rp.
1321 4185 1535 4220 berücksichtigt.
1556 4184 1676 4219 Wichtig
1699 4184 1733 4218 ist
1753 4183 1823 4218 auch
1841 4182 1887 4211 die
1911 4186 2009 4216 vorge¬

1112 4225 1210 4260 sehen«
1235 4225 1387 4261 kostenlose
1409 4225 1635 4260 AuSlvechslung
1659 4224 1709 4253 der
1735 4222 2009 4258 Metallfadenlam¬

1110 4270 1173 4300 pen.
1193 4265 1280 4294 Bei»,
1300 4265 1392 4302 Tarif
1412 4264 1447 4297 U,
1466 4263 1624 4299 Kraftnctz,
1639 4263 1719 4292 wird
1742 4261 1855 4297 künftig
1874 4259 2009 4295 zwischen

1109 4304 1185 4340 Tag-
1209 4305 1267 4335 u»rd
1288 4305 1536 4339 Nachtverbrauch
1556 4302 1772 4339 unterschieden
1795 4303 1854 4331 und
1875 4308 1954 4337 zwar
1977 4300 2010 4336 ist

1111 4346 1161 4381 für
1176 4345 1286 4375 Strom
1302 4350 1359 4374 von
1377 4345 1394 4372 9
1412 4344 1473 4378 Uhr
1487 4343 1601 4373 abends
1619 4343 1665 4373 bis
1679 4342 1697 4371 6
1716 4342 1777 4377 Uhr
1796 4346 1934 4376 morgens
1950 4348 2009 4370 nur

1106 4385 1157 4415 din
1177 4386 1261 4420 fester
1280 4385 1371 4419 Preis
1388 4389 1443 4413 von
1464 4384 1481 4410 5
1497 4383 1552 4418 Rp.
1574 4383 1623 4419 für
1641 4384 1687 4414 die
1705 4382 1952 4419 Kiloivattstunde
1971 4388 2008 4416 zu

1106 4426 1261 4459 vergüten.
1279 4425 1343 4458 Für
1362 4424 1416 4453 den
1435 4432 1473 4459 zu
1492 4424 1541 4453 der
1562 4423 1685 4459 übrigen
1703 4422 1771 4457 Zeit
1793 4422 2007 4458 konsumierten

1108 4465 1216 4494 Strom
1240 4465 1294 4500 gilt
1313 4465 1363 4493 ein
1386 4464 1585 4499 Staffeltarif
1607 4463 1661 4494 mit
1681 4463 1780 4494 einem
1802 4462 2008 4496 Höchstansatze

1109 4509 1162 4533 von
1181 4504 1217 4531 20
1233 4504 1292 4533 und
1311 4504 1408 4533 einem
1428 4502 1590 4539 niedersten
1608 4508 1663 4532 von
1681 4501 1700 4530 8
1719 4502 1774 4537 Rp.
1796 4503 1845 4538 für
1863 4500 1907 4530 die
1926 4500 2008 4529 Kilo-

1110 4544 1283 4580 ivattstunde
1304 4551 1396 4579 gogen
1420 4543 1457 4570 25
1478 4543 1528 4572 bi»
1550 4543 1586 4570 10
1609 4543 1664 4578 Rp.
1687 4542 1798 4577 bisher.
1841 4540 2007 4577 Ausserdem

1109 4584 1214 4612 komint
1230 4583 1296 4613 dem
1314 4583 1513 4613 Abonnenten
1530 4584 1587 4619 auf
1602 4583 1667 4613 dem
1685 4582 1820 4617 Konsum
1840 4581 1890 4611 der
1908 4580 2009 4615 bisher

1109 4623 1215 4658 übliche
1232 4623 1601 4659 Beiriebsstundenrabtiit
1615 4625 1734 4659 zugute.
1750 4622 1814 4652 Der
1831 4622 1950 4657 Ausfall
1969 4628 2008 4649 an

1107 4662 1297 4696 Einnahmen
1331 4663 1414 4697 durch
1447 4663 1493 4692 die
1524 4662 1732 4699 Verbilligung
1763 4661 1877 4697 l»eträgt
1911 4661 2008 4696 insge¬

1110 4703 1183 4737 samt
1212 4702 1330 4734 195,000
1356 4702 1409 4738 Fr.
1453 4702 1532 4738 Doch
1558 4702 1631 4732 wird
1658 4702 1706 4738 sich
1753 4700 1917 4737 gegenüber
1943 4699 2007 4728 dem

1108 4742 1224 4778 Budget
1257 4744 1366 4779 infolge
1397 4743 1448 4772 der
1481 4743 1590 4779 starken
1619 4743 1745 4778 Hclnnm
1773 4743 1827 4770 deS
1857 4741 2008 4775 Konsum»

1109 4783 1186 4818 schon
1210 4783 1261 4819 für
1285 4783 1351 4811 1911
1381 4784 1441 4818 doch
1467 4783 1545 4813 keine
1571 4781 1851 4815 Mindereinnahme
1874 4779 2008 4815 ergeben.

1106 4823 1171 4853 Der
1195 4822 1338 4860 Referent
1364 4824 1479 4860 schliesst
1505 4824 1564 4859 sein
1587 4823 1698 4853 Votum
1724 4822 1779 4851 mit
1802 4820 1865 4850 dem
1890 4819 2008 4855 Aulrag

1106 4864 1162 4899 auf
1179 4862 1347 4894 Eintreten.
1387 4862 1555 4893 Werder
1573 4864 1650 4898 ioeist
1667 4862 1782 4897 darauf
1801 4859 1860 4895 hin,
1878 4860 1937 4895 dass
1952 4860 2008 4889 das

1110 4911 1182 4933 neue
1205 4902 1383 4939 Reglement
1403 4904 1539 4939 gewisse»
1563 4903 1707 4938 Gruppen
1733 4906 1787 4930 von
1811 4900 2007 4929 Abonnenten

1108 4943 1158 4973 de»
1176 4943 1360 4980 Kraftnetzes
1379 4943 1442 4974 eine
1459 4943 1617 4978 erhebliche
1634 4941 1877 4977 Mehrbelastung
1897 4939 2008 4975 bringt,

1108 4983 1232 5019 nämlich
1250 4983 1304 5012 den
1322 4983 1485 5019 Inhabern
1503 4988 1559 5012 von
1577 4981 1912 5017 Gleichstrommotoren.
1931 4979 2007 5014 Doch

1105 5022 1156 5054 hat
1174 5024 1224 5052 der
1241 5022 1382 5053 Direktor
1399 5022 1449 5052 de»
1466 5021 1585 5051 Werke»
1602 5021 1766 5058 gegenür>er
1784 5020 1879 5055 diesen
1898 5018 2007 5055 Inter¬

1104 5062 1232 5097 essenten
1259 5063 1353 5096 loyale
1377 5062 1584 5097 Handhabung
1604 5062 1656 5090 de»
1679 5060 1874 5096 Reglements
1896 5057 1946 5088 bi»
1969 5066 2006 5094 zu

1100 5102 1198 5131 einem
1214 5103 1445 5138 iwrauSsichtlich
1463 5102 1530 5131 bald
1545 5099 1733 5137 erfolgenden
1751 5098 1922 5135 Uebergang
1939 5106 2007 5135 zum

1106 5139 1317 5176 Wechselstrom
1340 5143 1487 5178 zngcsagt.

1160 5180 1224 5209 Der
1247 5180 1307 5210 Rat
1332 5183 1400 5211 tritt
1421 5182 1503 5214 dann
1524 5182 1581 5217 auf
1602 5178 1926 5216 die.Detailbcratnug
1945 5179 2016 5213 ein,.

1103 5219 1265 5249 Dolder
1277 5219 1379 5254 erhält
1394 5223 1451 5257 auf
1470 5222 1546 5257 sein«
1563 5220 1716 5250 Bedenken
1733 5227 1769 5255 zu
1788 5218 1853 5248 Wrt.
1873 5220 1887 5246 1
1907 5225 2007 5254 wegen

1105 5256 1340 5295 Unterbrechung
1362 5260 1412 5290 der
1432 5257 1655 5296 Stromäbgabe
1677 5264 1735 5289 von
1755 5258 1894 5289 Direktor
1918 5257 2006 5295 Wag¬

1105 5306 1158 5327 ner
1186 5299 1385 5334 beruhigende
1413 5299 1577 5337 Auskunft.
1622 5300 1734 5336 Sigg
1760 5298 1917 5335 erkundigt
1947 5298 2008 5334 sich,

1103 5338 1138 5368 ob
1155 5338 1227 5373 nicht
1242 5339 1291 5368 ein
1309 5338 1595 5375 Entgegenkommen
1614 5341 1644 5370 in
1660 5340 1714 5369 der
1730 5338 1940 5375 Verbilligung
1956 5338 2007 5369 der

1105 5378 1456 5413 JnstallationSarbctten
1489 5381 1545 5415 auf
1578 5377 1891 5415 Privatgrundftücken
1927 5377 2006 5413 mög-

2055 1120 2105 1154 lich
2137 1119 2225 1149 wäre.
2258 1118 2398 1149 Direktor
2430 1118 2607 1154 Wagner
2640 1118 2749 1148 erklärt
2781 1116 2953 1148 einleitend,

2053 1158 2110 1194 dass
2131 1159 2190 1188 Rat
2213 1159 2273 1188 und
2297 1159 2449 1194 Auskunft
2471 1163 2535 1188 vom
2557 1157 2838 1193 Elektrizitätswerk
2860 1156 2953 1192 jeder¬

2051 1200 2110 1235 zeit
2131 1199 2318 1234 bereitwillig
2341 1199 2440 1234 gratis
2460 1199 2563 1228 erteilt
2583 1197 2708 1227 werden.
2730 1197 2804 1226 WaS
2825 1196 2869 1226 die
2895 1196 2953 1230 In¬

2055 1238 2240 1273 stallationen
2265 1239 2392 1275 betrifft,
2416 1239 2445 1274 so
2465 1238 2527 1273 siikd
2550 1238 2587 1272 sie
2612 1238 2689 1273 schon
2712 1237 2782 1272 stark
2806 1236 2953 1270 verbilligt

2053 1278 2169 1307 worden
2197 1278 2256 1308 und
2280 1279 2332 1308 ein
2356 1279 2493 1308 weiteres
2519 1277 2803 1313 Entgegenkommen
2828 1276 2879 1312 für
2906 1275 2953 1304 die

2049 1319 2108 1353 auf
2125 1318 2437 1353 Privatgrundstücken
2453 1318 2610 1352 gelegenen
2627 1316 2791 1351 Leitungen
2811 1317 2843 1351 ist
2861 1315 2953 1345 ratio-

2054 1358 2231 1392 nellerweis«
2253 1358 2315 1393 jetzt
2339 1359 2409 1393 nicht
2434 1357 2514 1390 mehr
2537 1357 2664 1392 möglich.
2688 1355 2763 1385 Man
2786 1355 2869 1385 denk«
2894 1362 2954 1384 nur

2049 1406 2091 1426 an
2113 1397 2157 1426 di«
2172 1396 2264 1431 hohen
2284 1398 2389 1432 Kosten
2409 1397 2458 1427 der
2476 1396 2639 1431 Anschlüsse
2658 1397 2712 1431 ans
2730 1394 2951 1431 Privatgrund¬

2055 1437 2157 1471 stücken
2179 1445 2231 1466 am
2259 1437 2444 1472 Zürichl>erg.
2471 1435 2547 1465 Man
2576 1437 2654 1471 sollte
2680 1437 2742 1470 also
2770 1433 2952 1470 vorderhand

2052 1477 2117 1510 hier
2144 1481 2198 1506 von
2225 1478 2309 1506 einer
2333 1478 2474 1507 weiteren
2501 1476 2708 1511 Verbilligung
2732 1474 2864 1510 absehen.
2893 1474 2952 1503 Die

2052 1516 2260 1551 Vermehrung
2285 1517 2336 1546 der
2359 1516 2522 1552 Anschlüsse
2548 1516 2636 1550 macht
2659 1515 2727 1549 auch
2752 1515 2822 1548 ohne
2848 1515 2953 1549 solche»

2056 1556 2345 1590 Entgegenkommen
2377 1556 2466 1590 heute
2499 1554 2714 1590 befriedigende
2749 1554 2947 1589 Fortschritte.

2052 1595 2167 1629 Später
2187 1596 2263 1625 kann
2282 1596 2327 1625 die
2350 1595 2446 1630 Frage
2466 1595 2495 1629 ja
2515 1594 2754 1629 möglicherweise
2771 1593 2885 1623 einmal
2907 1600 2952 1622 er¬

2054 1636 2149 1664 örtert
2165 1635 2295 1665 werden.
2317 1635 2377 1666 Die
2400 1634 2709 1670 Jnstallationskosten
2733 1634 2782 1663 der
2804 1633 2953 1668 Treppen¬

2053 1676 2243 1710 beleuchtung
2264 1675 2375 1704 können
2397 1677 2429 1705 in
2450 1674 2533 1709 ihren
2554 1674 2693 1709 Ansätzen
2712 1673 2857 1709 ebenfalls
2878 1673 2954 1707 nicht

2054 1715 2209 1745 verändert
2228 1716 2356 1744 werben.
2392 1716 2457 1743 Art.
2475 1713 2502 1743 2.
2520 1714 2593 1743 wird
2612 1713 2732 1748 hierauf
2751 1713 2816 1746 nach
2835 1712 2954 1747 Antrag

2055 1756 2133 1791 Sigg
2149 1755 2273 1791 ergänzt
2303 1755 2335 1785 in
2354 1755 2418 1785 dem
2437 1754 2549 1786 Sinne,
2568 1753 2624 1790 dass
2645 1752 2704 1784 Rat
2725 1752 2783 1781 und
2802 1751 2955 1789 Auskunft

2051 1795 2247 1829 ausdrücklich
2272 1796 2420 1829 gratis
2446 1795 2548 1823 erteilt
2573 1793 2689 1822 »verden
2717 1793 2812 1827 sollen.

2111 1835 2197 1864 Beim
2230 1835 2379 1870 Abschnitt
2411 1834 2483 1863 über
2513 1834 2559 1863 die
2590 1833 2861 1868 Preisberechnung
2896 1830 2954 1860 und

2055 1874 2264 1910 Verwendung
2318 1874 2369 1904 des
2401 1874 2546 1903 Stromes
2598 1871 2706 1908 äussert
2756 1871 2954 1900 Bodmer-

2053 1914 2195 1944 Weber
2214 1923 2250 1950 zu
2270 1914 2339 1943 Art.
2358 1914 2374 1941 8
2392 1912 2543 1943 Bedenken
2566 1912 2638 1942 über
2656 1912 2702 1941 di«
2720 1912 2954 1947 vorgeschlagene

2053 1954 2266 1990 Herabsetzung
2287 1954 2338 1984 der
2358 1953 2571 1988 Strompreise.
2593 1952 2652 1982 Die
2675 1952 2818 1981 kleineren
2839 1951 2956 1985 Konsu¬

2055 1996 2171 2024 menten
2192 1995 2253 2024 und
2272 1994 2420 2028 Privaten
2439 1992 2555 2022 werden
2572 1992 2620 2022 die
2638 1992 2771 2021 Vorteile
2790 1992 2861 2026 nicht
2879 1995 2953 2020 au»-

2055 2034 2154 2069 nühen
2175 2034 2302 2068 können:
2323 2034 2413 2069 grosse
2433 2032 2676 2068 Etablissements
2696 2032 2754 2061 und
2772 2030 2863 2065 CafeS
2882 2030 2955 2059 aber

2055 2075 2231 2109 profitieren
2262 2073 2326 2110 sehr
2353 2073 2513 2109 wesentlich
2542 2077 2597 2101 von
2623 2072 2689 2101 dem
2719 2071 2791 2106 stark
2815 2071 2954 2105 heral>ge-

2058 2114 2155 2149 sctztcn
2185 2114 2393 2149 Strompreise
2444 2111 2610 2148 ausserhalb
2644 2111 2693 2141 der
2725 2110 2954 2146 Hauptbelcuch-

2056 2154 2215 2189 tungözeit.
2240 2152 2317 2182 Man
2345 2153 2434 2186 macht
2458 2151 2545 2186 ihnen
2567 2152 2630 2187 also
2655 2151 2797 2186 geradezu
2819 2151 2868 2179 ein
2895 2150 2954 2179 Ge¬

2056 2193 2147 2228 schenk
2164 2194 2219 2223 mit
2237 2193 2289 2222 der
2307 2193 2518 2228 Herabsetzung
2537 2194 2592 2227 auf
2610 2191 2646 2218 20
2665 2191 2729 2225 !1ip..
2748 2190 2783 2219 da
2805 2191 2839 2225 sie
2857 2190 2887 2225 ja
2908 2190 2953 2218 die

2053 2233 2190 2263 Reklame
2215 2234 2297 2267 meist
2319 2233 2437 2268 sowieso
2459 2239 2514 2267 zur
2533 2232 2729 2266 ausgiebigen
2752 2231 2953 2264 Beleuchtung

2050 2274 2168 2308 zwingt.
2189 2272 2255 2301 Der
2275 2272 2378 2307 Ansatz
2400 2272 2478 2307 sollte
2500 2271 2621 2305 deshalb
2640 2272 2696 2306 auf
2715 2269 2751 2297 30
2772 2270 2826 2304 Rp.
2847 2268 2950 2302 erhöht

2048 2312 2173 2340 iverden.
2210 2311 2339 2342 Welcher
2357 2311 2412 2340 Art
2432 2309 2492 2344 sind
2509 2310 2653 2345 übrigens
2671 2310 2715 2338 die
2732 2317 2768 2344 zu
2782 2309 2948 2338 erwarten-

2049 2349 2466 2386 dcnKonsumsteigeruiige»?
2520 2347 2660 2378 Direktor
2691 2347 2865 2382 Wagner
2901 2348 2946 2376 be¬

2048 2392 2124 2422 tont,
2140 2389 2199 2424 dass
2219 2390 2295 2425 nicht
2315 2398 2374 2419 nur
2393 2389 2439 2418 die
2457 2388 2561 2424 Casi-S,
2581 2387 2704 2423 sondern
2719 2389 2789 2423 auch
2810 2387 2854 2416 die
2873 2386 2946 2421 Pri¬

2048 2432 2136 2458 vaten
2156 2434 2212 2459 von
2234 2430 2285 2459 der
2306 2429 2470 2458 Reduktion
2492 2429 2545 2464 auf
2566 2427 2603 2454 20
2623 2428 2678 2462 Rp.
2698 2427 2857 2462 wesentlich
2879 2432 2947 2461 pro¬

2049 2470 2169 2505 fitieren
2199 2469 2260 2498 und
2288 2469 2349 2504 dass
2378 2469 2415 2503 sie
2446 2467 2711 2503 dementsprechend
2741 2467 2807 2501 nach
2836 2467 2854 2494 9
2885 2465 2947 2500 Ilhr

2048 2509 2160 2538 abends
2186 2509 2219 2537 in
2246 2508 2378 2543 Zukunft
2404 2506 2490 2542 ihren
2515 2506 2647 2542 Konsum
2673 2507 2795 2542 steigern
2819 2506 2948 2535 werden.

2048 2549 2125 2580 Auch
2149 2548 2200 2577 der
2229 2548 2321 2577 klein«
2348 2548 2530 2582 Konsument
2558 2546 2632 2574 wird
2663 2546 2693 2574 in
2719 2546 2770 2574 der
2798 2545 2948 2579 Hauptbe-

2052 2588 2282 2621 lcuchtungSzeit
2309 2586 2392 2619 durch
2417 2585 2462 2614 die
2487 2585 2699 2619 Herabsetzung
2723 2587 2815 2613 cboaS
2840 2585 2950 2618 gcwin-

2052 2633 2120 2655 ncn.
2148 2626 2213 2654 Art.
2233 2626 2251 2652 0
2268 2625 2346 2654 wird
2365 2625 2485 2659 hierauf
2506 2624 2705 2653 unverändert
2726 2630 2952 2658 angenommen.

2112 2662 2158 2695 Zu
2176 2661 2242 2689 Art.
2262 2661 2279 2688 8
2298 2660 2457 2694 beantragt
2476 2660 2583 2694 Sigg
2602 2660 2688 2689 einen
2709 2660 2816 2695 Zusatz,
2836 2661 2867 2689 in
2887 2660 2953 2688 dem

2056 2701 2167 2734 Sinne,
2187 2700 2246 2736 dass
2268 2700 2318 2729 der
2342 2700 2487 2730 Stadtrat
2508 2700 2538 2728 in
2560 2698 2736 2735 besonderen
2760 2699 2863 2732 Fällen
2884 2700 2954 2728 wei¬

2057 2741 2119 2769 tere
2143 2741 2423 2776 Vergünstigungen
2452 2746 2511 2769 nur
2537 2739 2695 2773 innerhalb
2722 2739 2772 2768 des
2798 2738 2954 2772 Rahmens

2054 2780 2107 2809 der
2130 2780 2286 2815 effektiven
2312 2779 2506 2815 Selbstkosten
2530 2778 2688 2814 gewähren
2714 2778 2789 2814 darf.
2814 2779 2955 2808 Direktor

2056 2820 2233 2855 Wagner
2260 2819 2375 2849 wendet
2402 2819 2452 2854 sich
2480 2826 2569 2853 gegen
2598 2818 2694 2854 diesen
2722 2819 2830 2853 Zusatz.
2859 2818 2954 2853 Jeder

2056 2859 2245 2894 Rappen,den
2261 2861 2319 2889 wir
2336 2860 2417 2894 mehr
2431 2859 2653 2893 einnehmcn.Ist
2668 2858 2849 2893 gefundenes
2865 2858 2954 2893 Geld,

2055 2899 2091 2928 da
2112 2903 2169 2929 uns
2187 2900 2233 2928 die
2251 2900 2415 2933 verniehrtc
2432 2899 2653 2933 Stromabgabe
2673 2899 2750 2927 keine
2768 2899 2953 2932 vermehrten

2054 2939 2288 2974 Betriebskosten
2310 2939 2483 2975 verursacht.
2503 2939 2546 2967 ES
2566 2938 2627 2973 gibt
2646 2939 2708 2973 also
2730 2938 2819 2972 Fälle,
2837 2944 2882 2967 wo
2905 2939 2953 2972 sich

2055 2979 2103 3008 ein
2129 2978 2320 3014 Herabgcbcn
2349 2980 2437 3009 unter
2463 2978 2508 3007 die
2535 2978 2812 3014 durchschnittlichen
2837 2978 2952 3013 Selbst¬

2055 3019 2147 3053 kosten
2173 3024 2238 3048 vom
2269 3019 2523 3055 kaufmännische»
2552 3018 2759 3052 Standpunkte
2787 3023 2845 3047 aus
2872 3023 2952 3053 emp¬

2054 3059 2151 3093 fiehlt.
2169 3059 2234 3088 Der
2256 3059 2317 3088 Rat
2339 3059 2418 3093 lehnt
2439 3059 2493 3088 den
2513 3058 2724 3094 Zusatzantrag
2743 3059 2820 3093 Sigg
2840 3058 2885 3087 ab.
2906 3058 2952 3093 In

2054 3098 2120 3127 Art.
2143 3100 2160 3126 9
2183 3099 2260 3128 wird
2286 3100 2342 3128 das
2367 3098 2449 3128 Ende
2473 3098 2524 3127 des
2550 3098 2742 3134 Tarifjahres
2767 3102 2823 3127 aus
2849 3097 2952 3132 Zweck¬

2056 3138 2370 3174 mässigkeitsgründen
2392 3140 2446 3174 auf
2467 3139 2512 3167 30.
2532 3139 2614 3174 Juni
2638 3138 2783 3173 angesetzt.
2822 3138 2954 3167 Biber

2055 3178 2212 3213 beantragt
2229 3187 2268 3215 zu
2285 3179 2354 3208 Art.
2371 3180 2406 3207 10
2425 3177 2470 3207 die
2490 3178 2634 3213 leihweise
2652 3178 2768 3213 Abgabe
2785 3183 2840 3207 von
2858 3177 2952 3213 Wech.

2054 3218 2520 3254 selstrom-Doppeltarifzählern
2538 3219 2616 3253 schon
2633 3219 2677 3247 bei
2696 3218 2748 3245 100
2764 3217 2813 3252 Fr.
2830 3218 2952 3247 Stroin-

2055 3258 2171 3294 konsum
2192 3258 2343 3288 eintrcten
2361 3267 2396 3295 zu
2416 3258 2516 3293 lassen,
2535 3263 2670 3293 lvogcgen
2688 3257 2825 3287 Direktor
2845 3257 2952 3293 Wag¬

2055 3305 2127 3328 ner
2148 3299 2269 3331 erklärt,
2294 3299 2351 3335 dass
2373 3299 2418 3328 die
2440 3297 2574 3332 Rücksicht
2597 3299 2652 3333 auf
2675 3297 2729 3326 daö
2750 3298 2893 3327 Gaswerk
2915 3306 2952 3333 zu

2054 3338 2119 3367 dem
2146 3340 2403 3375 vorgeschlagenen
2431 3339 2523 3367 etwas
2550 3337 2674 3372 höheren
2699 3338 2815 3373 Ansätze
2843 3337 2952 3372 führte.

2053 3378 2201 3413 Sachliche
2223 3379 2353 3408 Gründe
2394 3378 2489 3415 stehen
2509 3377 2560 3407 der
2580 3378 2719 3407 weiteren
2741 3378 2953 3413 Herabsetzung

2054 3418 2128 3452 nicht
2149 3420 2301 3454 entgegen.
2319 3419 2385 3448 Der
2404 3418 2522 3453 Anirag
2541 3418 2634 3447 Biber
2652 3418 2726 3447 wird
2746 3418 2863 3453 hierauf
2883 3425 2953 3453 zum

2054 3458 2213 3494 Beschlüsse
2236 3458 2372 3492 erhöbe».
2395 3457 2459 3488 Der
2482 3458 2573 3495 Tarif
2596 3458 2646 3494 soll
2671 3458 2724 3486 mit
2747 3457 2953 3493 Rückwirkung

2053 3499 2108 3534 auf
2128 3499 2153 3526 1.
2170 3498 2244 3533 Juli
2266 3499 2337 3526 1911
2361 3500 2390 3528 in
2410 3497 2500 3534 Kraft
2520 3499 2624 3527 treten.

2109 3537 2218 3568 Damit
2242 3539 2276 3574 ist
2299 3538 2345 3569 die
2368 3546 2459 3574 ganze
2481 3538 2612 3574 Vorlage
2633 3544 2856 3573 angenommen.

2110 3578 2348 3611 Interpellation
2366 3578 2501 3608 Enderli.
2520 3579 2577 3607 Sic
2597 3578 2692 3613 findet
2711 3578 2756 3607 die
2775 3578 2871 3613 nötige
2893 3577 2952 3607 Un¬

2054 3618 2228 3654 terstützung
2254 3619 2314 3648 und
2337 3618 2411 3648 wird
2437 3623 2491 3647 von
2514 3618 2570 3648 Dr.
2593 3618 2629 3654 H.
2651 3619 2677 3648 51
2688 3625 2702 3647 e
2715 3625 2728 3646 r
2741 3626 2759 3647 n
2782 3618 2953 3654 begründet.

2052 3657 2114 3692 Ihr
2135 3657 2291 3688 Wortlaut
2315 3659 2348 3695 ist
2369 3657 2534 3695 folgender:
2561 3658 2637 3692 „Hat
2659 3658 2710 3688 der
2731 3658 2873 3688 Stadtrat
2897 3663 2952 3687 von

2053 3697 2104 3727 der
2126 3698 2304 3735 Errichtung
2327 3699 2377 3728 der
2398 3698 2569 3733 unschönen,
2590 3705 2682 3734 gaiize
2704 3698 2865 3728 Stadtteile
2889 3702 2952 3727 ver¬

2054 3739 2262 3772 unstaltenden
2293 3738 2509 3773 Leuchtmastcn
2543 3738 2950 3773 („Mansardenbelcuchter")

2053 3778 2215 3812 Kenntnis,
2263 3779 2324 3808 und
2350 3780 2412 3815 gibt
2437 3786 2468 3808 er
2492 3778 2566 3815 dazu
2592 3779 2670 3814 feine
2694 3777 2951 3814 Einwilligung?"

2051 3818 2112 3847 Die
2133 3818 2373 3855 Verunstaltung
2395 3819 2446 3849 der
2466 3818 2613 3848 kleineren
2637 3819 2668 3847 in
2691 3818 2785 3853 Frage
2807 3819 2951 3847 kommen¬

2052 3856 2108 3887 den
2132 3858 2231 3893 Plätze
2257 3859 2340 3895 sollte
2362 3859 2537 3894 wenigstens
2561 3858 2727 3887 vermieden
2750 3858 2864 3888 werden
2892 3858 2952 3887 und

2053 3897 2096 3926 bei
2118 3897 2269 3933 ähnlichen
2291 3898 2498 3934 Massnahmen
2519 3899 2597 3934 sollte
2619 3898 2649 3927 in
2668 3897 2798 3934 Zukunft
2817 3899 2951 3934 entschie¬

2053 3937 2108 3967 den
2128 3938 2173 3967 die
2193 3939 2308 3974 Ansicht
2328 3939 2379 3969 de»
2398 3938 2642 3974 Baulollegium»
2661 3938 2808 3974 eingeholt
2825 3938 2952 3967 werden.

2053 3977 2197 4013 Stadtrat
2220 3978 2397 4015 Fritsch,
2420 3978 2528 4008 erklärt
2549 3982 2676 4007 »amen»
2696 3978 2745 4008 deö
2764 3979 2952 4011 Stadtrateö,

2053 4017 2111 4053 dass
2127 4017 2172 4048 die
2188 4019 2391 4054 Beleuchtung
2407 4018 2531 4054 Zürich»
2546 4018 2630 4053 durch
2648 4018 2868 4054 Bogenlampen
2887 4019 2953 4052 noch

2055 4058 2095 4086 int
2119 4057 2291 4093 Rückstände
2316 4060 2349 4094 ist
2372 4058 2432 4088 und
2455 4058 2511 4094 dass
2534 4058 2656 4093 deshalb
2679 4063 2729 4087 vor
2751 4059 2864 4094 einiger
2886 4058 2953 4094 Zeit

2053 4097 2260 4133 grundsätzlich
2292 4099 2357 4128 eine
2390 4098 2571 4134 Ergänzung
2603 4099 2654 4127 der
2684 4098 2861 4134 elektrischen
2896 4099 2952 4128 Be-

2055 4137 2208 4173 lcuchtting
2231 4139 2262 4167 in
2283 4139 2414 4174 Aussicht
2435 4146 2610 4174 genommen
2630 4137 2739 4168 wurde.
2759 4138 2816 4168 Die
2836 4139 2953 4174 zustän¬

2053 4176 2138 4211 dige»
2155 4178 2273 4207 Stellen
2292 4179 2387 4212 haben
2406 4179 2454 4214 sich
2472 4178 2551 4207 dann
2569 4178 2749 4215 einstimmig
2767 4179 2816 4214 für
2832 4179 2877 4209 die
2898 4179 2952 4208 Er¬

2054 4217 2175 4252 stellung
2208 4223 2265 4247 von
2298 4219 2630 4254 Betet,chtungSinasten
2664 4220 2718 4255 auf
2750 4219 2804 4247 den
2837 4218 2953 4254 Haupt-

2051 4257 2161 4291 Plätzen
2178 4257 2230 4287 der
2246 4258 2343 4288 Stadt
2360 4259 2595 4294 ausgesprochen.
2612 4259 2671 4288 Die
2689 4257 2767 4292 Höhe
2783 4258 2832 4288 der
2849 4260 2952 4295 ausge¬

2053 4297 2162 4330 stellten
2189 4297 2310 4333 Masten
2336 4299 2411 4328 tvird
2437 4299 2520 4333 durch
2545 4298 2599 4327 den
2625 4298 2952 4334 BcleuchtungöradiuS

2052 4336 2179 4372 bedingt.
2209 4338 2274 4367 Der
2305 4338 2450 4369 Stadtrat
2478 4339 2576 4374 zögert
2609 4339 2691 4373 nicht,
2717 4339 2952 4373 anzucrkenncn.

2052 4375 2110 4413 dass
2130 4377 2177 4413 sich
2199 4382 2259 4407 aus
2279 4378 2331 4409 der
2352 4379 2513 4413 Neuerung
2552 4378 2664 4414 gewisse
2684 4379 2842 4414 ästhetische
2862 4379 2951 4409 Nach¬

2053 4416 2124 4447 teile
2142 4419 2266 4452 ergeben
2287 4417 2381 4453 haben
2404 4418 2463 4448 und
2485 4423 2516 4447 er
2536 4418 2584 4452 hat
2608 4418 2727 4453 deshalb
2749 4423 2802 4448 von
2823 4418 2870 4453 sich
2894 4422 2952 4448 aus

2052 4456 2097 4485 die
2120 4456 2216 4493 Frage
2238 4459 2389 4493 nochmals
2409 4458 2492 4488 einer
2512 4458 2710 4494 cingeheitden
2732 4458 2872 4494 Prüfung
2897 4467 2951 4487 „n-

2054 4496 2199 4531 tcrziehen
2227 4499 2329 4534 lassen.
2357 4499 2433 4528 Eine
2458 4497 2617 4534 endgiltigc
2644 4498 2861 4534 Schlussnahine
2892 4497 2951 4527 und

2051 4536 2337 4574 Berichterstattung
2364 4539 2436 4568 über
2460 4538 2506 4567 die
2533 4537 2761 4573 Angelegenheit
2787 4538 2860 4567 kan»
2891 4539 2951 4567 und

2051 4577 2127 4605 wird
2151 4578 2225 4607 aber
2253 4580 2309 4614 erst
2337 4579 2480 4614 erfolgen,
2505 4582 2590 4607 wen»
2619 4577 2665 4607 die
2692 4577 2808 4613 Masten
2835 4579 2951 4607 einmal

2053 4617 2107 4644 mit
2131 4616 2185 4645 den
2209 4618 2436 4654 Leuchtkörpern
2459 4618 2664 4653 ausgcstattet,
2687 4618 2860 4652 wenigstens
2885 4622 2950 4647 vor¬

2053 4656 2235 4692 übergehend
2257 4658 2322 4688 de»,
2343 4658 2464 4688 Betrieb
2484 4657 2647 4694 übergeben
2668 4657 2736 4692 sind,
2758 4659 2785 4692 so
2806 4658 2861 4694 dass
2882 4659 2951 4689 auch

2050 4696 2101 4725 ein
2128 4696 2223 4726 Urteil
2272 4698 2348 4727 über
2374 4699 2427 4727 de»
2453 4697 2757 4733 BelcnchiungSeffekt
2784 4698 2831 4732 sich
2858 4698 2950 4733 fälle»

2053 4736 2126 4772 lässt.
2154 4736 2232 4766 Man
2261 4738 2331 4775 darf
2359 4738 2430 4768 über
2456 4737 2506 4767 der
2531 4738 2629 4773 Sorge
2659 4738 2709 4774 für
2735 4738 2789 4767 den
2815 4737 2951 4772 Heimat-

2053 4776 2134 4812 schutz
2176 4776 2222 4807 die
2248 4777 2385 4807 moderne
2409 4777 2607 4812 Entwicklung
2630 4777 2680 4807 der
2701 4776 2795 4808 Stadt
2816 4779 2891 4813 nicht
2914 4787 2951 4813 zu

2052 4815 2116 4851 sehr
2137 4817 2167 4845 in
2186 4817 2241 4846 den
2262 4817 2471 4854 Hintergrund
2492 4818 2598 4853 stellen.
2637 4818 2694 4847 Dr.
2713 4818 2819 4847 Kern
2841 4818 2873 4853 ist
2895 4824 2952 4848 von

2050 4855 2101 4885 der
2117 4855 2254 4886 Antwort
2269 4856 2322 4888 des
2337 4858 2518 4887 StadtrateS
2535 4859 2610 4893 nicht
2623 4858 2794 4895 befriedigt;
2813 4858 2849 4893 sie
2865 4859 2952 4895 zeugt

2052 4895 2125 4930 nicht
2150 4896 2199 4931 für
2224 4896 2279 4927 den
2303 4898 2486 4934 ästhetischen
2510 4898 2672 4933 Geschmack
2696 4898 2786 4934 dieser
2809 4898 2952 4933 Behörde.

2050 4935 2114 4972 Auf
2139 4937 2202 4966 dem
2229 4937 2401 4973 Weinplatz.
2430 4937 2618 4974 Mttnstcrhof
2646 4938 2705 4967 und
2732 4939 2782 4969 der
2808 4939 2952 4974 Gemüse-

2051 4974 2146 5005 briicke
2165 4977 2270 5012 besteht
2293 4978 2469 5013 entschiede»
2491 4986 2545 5013 gar
2565 4979 2626 5007 kein
2648 4978 2815 5015 Bedürfnis
2834 4979 2886 5014 für
2906 4979 2951 5008 die

2052 5015 2082 5044 in
2110 5016 2239 5050 Aussicht
2265 5025 2456 5052 genommene
2484 5017 2623 5052 intensive
2649 5018 2856 5055 Beleuchtung.
2880 5019 2951 5049 Den

2050 5056 2200 5092 Entscheid
2219 5058 2273 5093 erst
2291 5063 2349 5087 von
2369 5059 2419 5088 der
2437 5058 2647 5094 Lichtwirk»,»fl
2667 5059 2811 5094 abhängig
2829 5067 2865 5095 zu
2890 5067 2951 5088 >na,

2050 5096 2125 5131 chen,
2153 5097 2184 5132 ist
2211 5096 2336 5131 deshalb
2363 5099 2410 5127 ein
2438 5097 2553 5132 Fehler.
2578 5097 2643 5127 Der
2670 5097 2850 5133 Sprechende
2878 5099 2950 5134 stellt

2048 5136 2136 5165 eine»
2160 5137 2278 5171 Antrag
2304 5139 2360 5174 auf
2382 5138 2574 5174 Entfernung
2621 5138 2672 5167 der
2695 5138 2756 5168 drei
2779 5140 2951 5175 genannte»

2050 5175 2393 5212 BcleuchtungSinasten.
2414 5176 2521 5215 Sigg
2541 5177 2655 5207 wendet
2674 5178 2723 5213 sich
2743 5186 2831 5214 gegen
2852 5179 2950 5216 diesen

2050 5216 2175 5251 Antrag,
2193 5217 2270 5246 denn
2289 5218 2335 5247 die
2354 5217 2442 5247 siebet
2450 5217 2624 5254 treibnngcn
2644 5218 2695 5248 des
2712 5217 2951 5254 HeimatfchutzeS

2052 5256 2166 5291 schaden
2191 5257 2299 5293 diesem
2325 5265 2386 5287 mir
2410 5257 2471 5287 und
2497 5257 2655 5287 verdienen
2681 5258 2759 5288 keine
2784 5258 2949 5294 Unterstüt¬

2049 5303 2138 5333 zung.
2155 5295 2221 5328 hier
2236 5303 2282 5326 n>o
2301 5297 2347 5326 di«
2365 5296 2516 5333 praktische
2533 5296 2622 5326 Seite
2640 5297 2691 5326 der
2708 5298 2805 5334 Frage
2821 5298 2850 5333 so
2867 5299 2949 5333 wich-

2050 5336 2093 5372 tig
2110 5336 2151 5371 ist.
2167 5336 2203 5365 W
2216 5338 2262 5374 hss
2278 5338 2358 5374 weist
2373 5337 2484 5373 darauf
2501 5336 2561 5372 hi»,
2575 5337 2635 5376 dass
2652 5337 2697 5366 die
2713 5337 2949 5372 Interpellation

2051 5377 2118 5410 nach
2139 5376 2189 5405 der
2211 5376 2505 5414 Geschäftsordnung
2528 5377 2639 5406 beerli»
2661 5377 2782 5412 erledigt
2806 5377 2847 5412 Ist.
2870 5376 2947 5407 Eine

2998 1113 3301 1150 Weiterbehandlung
3319 1114 3368 1143 der
3385 1114 3482 1150 Frage
3499 1115 3601 1150 müsste
3619 1116 3650 1144 in
3669 1115 3719 1145 der
3736 1115 3827 1150 Form
3848 1115 3899 1145 der

3000 1154 3118 1184 Motion
3139 1155 3283 1190 erfolgen.
3306 1154 3468 1190 UcbrigcnS
3489 1155 3539 1189 hat
3562 1156 3610 1190 sich
3632 1155 3661 1189 ja
3683 1155 3733 1184 der
3754 1154 3900 1185 Stadtrat

3000 1194 3093 1223 bereit
3114 1193 3233 1224 erklärt,
3256 1194 3351 1229 später
3375 1195 3439 1227 noch
3462 1194 3553 1228 näher
3574 1196 3630 1230 auf
3650 1194 3694 1225 die
3719 1195 3815 1230 Frage
3835 1195 3900 1224 ein¬

2998 1234 3141 1269 zutreten.
3162 1232 3236 1269 Nach
3256 1235 3340 1262 einer
3360 1234 3464 1270 kurzen
3485 1234 3658 1269 Diskussion
3679 1235 3751 1264 über
3771 1234 3816 1264 die
3837 1236 3898 1271 for¬

3002 1275 3079 1303 male
3104 1273 3190 1303 Seite
3216 1272 3265 1301 der
3292 1273 3519 1309 Angelegenheit
3543 1274 3655 1304 erklärt
3682 1273 3732 1303 der
3757 1274 3818 1305 Rat
3844 1274 3901 1304 das

2998 1313 3132 1349 Geschäft
3154 1313 3204 1349 für
3227 1312 3360 1350 erledigt.

3055 1353 3169 1382 Umbau
3190 1358 3246 1381 von
3268 1354 3363 1386 Oesen
3385 1354 3436 1387 für
3457 1353 3501 1383 die
3521 1353 3898 1386 Kehrichtverbrennungv-

2999 1393 3115 1425 anstalt.
3134 1392 3164 1423 S
3175 1393 3232 1427 ch,,
3246 1394 3256 1422 l
3268 1394 3279 1421 t
3291 1392 3307 1427 h
3318 1400 3333 1422 e
3343 1394 3362 1429 ss
3382 1394 3519 1429 referiert
3539 1393 3612 1422 über
3633 1393 3678 1423 die
3697 1394 3836 1429 Vorlage.
3855 1393 3900 1423 E»

2999 1432 3116 1466 handelt
3138 1432 3186 1467 sich
3208 1440 3258 1462 um
3281 1434 3366 1462 einen
3387 1433 3489 1462 Kredit
3509 1438 3565 1462 von
3585 1433 3688 1464 68,000
3709 1433 3759 1468 Fr.
3781 1434 3832 1469 für
3852 1432 3899 1462 die

2999 1472 3210 1507 Umänderung
3240 1472 3399 1507 derselben,
3430 1472 3480 1502 de»
3510 1474 3604 1508 ersten
3635 1473 3820 1509 Ofenloche»,
3852 1472 3898 1502 die

2998 1512 3205 1547 Erweiterung
3224 1511 3274 1541 der
3291 1512 3380 1546 Hebe-
3399 1513 3458 1542 und
3477 1512 3823 1548 Fördereinrichtungen,
3841 1512 3897 1542 den

2998 1552 3117 1581 Einbau
3134 1552 3217 1581 eine»
3233 1551 3481 1586 ChamotterostcS
3498 1554 3530 1582 in
3547 1553 3602 1581 den
3619 1551 3897 1587 Hauptrauchkanal

3000 1591 3059 1620 und
3076 1590 3267 1626 verschiedene
3283 1591 3492 1625 Reparaturen
3510 1593 3542 1620 in
3558 1592 3610 1621 der
3626 1592 3898 1626 Kehcichtverbren-

3000 1631 3222 1666 nungsanstalt.
3243 1631 3309 1660 Der
3331 1630 3435 1660 Kredit
3458 1631 3532 1660 wird
3556 1631 3630 1666 ohne
3653 1631 3826 1666 Diskussion
3850 1631 3897 1661 be¬

2999 1671 3113 1706 willigt.

3056 1711 3217 1744 Lanbkauf.
3235 1710 3301 1740 Der
3319 1710 3448 1746 Vertrag
3468 1711 3540 1740 über
3560 1711 3715 1746 Landkauf
3735 1716 3790 1741 von
3811 1711 3843 1747 I.
3865 1710 3899 1747 I.

3000 1750 3125 1780 Landolt
3170 1749 3229 1779 und
3252 1750 3289 1785 H.
3314 1750 3427 1779 Müller
3448 1750 3521 1779 wird
3544 1752 3599 1787 auf
3623 1751 3738 1787 Antrag
3762 1756 3818 1781 von
3840 1750 3897 1780 Dr.

3000 1790 3029 1819 S
3042 1792 3069 1819 tr
3090 1799 3103 1819 e
3116 1798 3133 1820 u
3146 1791 3156 1821 l
3169 1791 3178 1819 i
3198 1789 3375 1826 genehmigt.

3056 1830 3168 1865 Schluss
3188 1828 3237 1858 der
3256 1829 3380 1866 Sitzung
3401 1838 3450 1860 um
3470 1829 3518 1862 5'/.
3536 1830 3605 1864 Uhr.

3056 1870 3115 1900 Die
3142 1870 3249 1904 nächste
3277 1870 3401 1906 Sitzung
3458 1869 3549 1906 findet
3580 1870 3661 1899 Ende
3690 1870 3804 1906 August
3830 1869 3896 1900 oder

3000 1910 3121 1946 Anfang
3142 1910 3321 1943 September
3343 1911 3419 1945 statt.

3248 1991 3637 2056 Ausland.

3062 2074 3292 2113 Deutschland.
3325 2073 3443 2108 Einem
3478 2080 3551 2107 vom
3587 2073 3804 2113 Präsidentei»
3840 2074 3895 2107 der

2998 2118 3407 2159 Präsidialgeschäftsstelle
3456 2119 3514 2152 des
3542 2119 3718 2157 Deutschen
3748 2119 3897 2158 Flotten-

2997 2164 3127 2198 Vereins
3147 2164 3325 2203 geladenen
3344 2163 3539 2203 zahlreicheit
3559 2163 3749 2202 Publikum,
3771 2163 3806 2197 in
3826 2164 3895 2198 dem

2997 2209 3135 2242 Militär
3163 2209 3229 2241 lind
3257 2209 3396 2242 Marine
3423 2209 3503 2247 stark
3531 2208 3737 2248 tiberwogen,
3784 2208 3895 2241 wurde

2995 2254 3100 2293 letzten
3125 2254 3344 2292 Donnerstag
3369 2254 3430 2291 ans
3454 2254 3524 2286 dem
3572 2254 3611 2287 W
3626 2263 3644 2286 a
3659 2263 3678 2286 n
3693 2262 3714 2286 n
3729 2253 3795 2292 see
3840 2252 3895 2286 ein

2992 2297 3346 2337 Fernlenkboot
3380 2298 3436 2331 deS
3470 2298 3615 2336 Seglers
3649 2296 3895 2336 Christian

2990 2342 3029 2375 W
3044 2341 3052 2374 i
3069 2352 3084 2375 r
3098 2344 3109 2375 t
3123 2343 3139 2381 h
3171 2346 3234 2375 aus
3269 2341 3447 2381 Nürnberg
3480 2342 3683 2381 vorgeführt.

3053 2385 3211 2425 Nachdem
3247 2387 3309 2419 das
3341 2387 3429 2421 Boot
3462 2387 3521 2424 auf
3555 2387 3616 2420 den
3648 2388 3721 2421 See
3753 2386 3912 2425 hinaus»,

2990 2432 3162 2470 geschleppt
3189 2431 3322 2464 worden
3348 2438 3431 2468 war,
3459 2432 3525 2464 und
3554 2431 3706 2470 nachdem
3734 2440 3812 2465 man
3841 2430 3896 2470 sich

2992 2477 3097 2509 davon
3126 2475 3303 2515 überzeugt
3332 2475 3431 2513 hatte,
3461 2476 3523 2514 daß
3552 2475 3710 2509 niemand
3738 2477 3801 2515 auf
3831 2475 3896 2509 die-

2993 2521 3054 2558 fem
3085 2519 3362 2559 zurückgeblieben
3392 2526 3471 2556 war.
3502 2520 3622 2559 gelang
3653 2525 3689 2554 es
3722 2521 3792 2554 dem
3822 2526 3896 2559 per¬

2993 2564 3107 2602 sönlich
3129 2564 3340 2602 amvesenden
3363 2564 3529 2603 Erfinder,
3550 2564 3703 2603 jederzeit
3727 2565 3777 2599 die
3799 2565 3811 2604 f
3823 2574 3846 2599 u
3860 2573 3896 2598 n-

2995 2607 3070 2641 ken
3084 2607 3457 2646 telegraphische
3485 2608 3801 2649 Verbindttng
3833 2608 3896 2643 mit

2997 2652 3067 2685 dent
3090 2652 3193 2686 Boote
3219 2650 3253 2685 in
3279 2652 3526 2686 pollkonintener
3550 2653 3655 2692 Weise
3679 2654 3897 2693 herzttstellen.

2996 2697 3071 2730 Das
3092 2697 3178 2730 Boot
3199 2696 3302 2736 folgte
3323 2697 3541 2735 denBefehlen
3563 2698 3621 2731 des
3641 2698 3899 2737 Settdeappara-

2999 2743 3060 2779 tes,
3112 2741 3166 2775 der
3198 2749 3252 2774 am
3285 2741 3363 2779 Ufer
3397 2741 3452 2775 des
3483 2743 3572 2775 SeeS
3607 2742 3709 2776 neben
3740 2743 3801 2777 den
3831 2743 3899 2783 Zu-

2997 2785 3143 2823 schauern
3177 2786 3360 2824 altfgestellt
3389 2792 3470 2822 war.
3501 2786 3564 2820 mit
3596 2786 3790 2825 Sicherheit.
3821 2788 3899 2821 DaS

2997 2830 3083 2863 Boot
3112 2829 3222 2869 fiihrte
3251 2830 3395 2868 mehrere
3421 2831 3587 2864 Manöver
3616 2835 3690 2868 aus,
3720 2831 3800 2870 hielt
3826 2832 3899 2866 eine

2996 2875 3113 2913 gerade
3145 2874 3400 2914 Fahrtrichtung
3431 2874 3485 2908 ein
3519 2876 3586 2909 und
3619 2876 3715 2909 wand
3747 2876 3802 2915 sich
3836 2877 3898 2910 intt

2996 2918 3178 2958 Sicherheit
3198 2919 3274 2957 auch
3298 2919 3331 2952 in
3352 2919 3489 2958 scharfen
3511 2920 3647 2954 Kurven
3668 2920 3814 2960 zwischen
3837 2921 3898 2955 den

2996 2965 3121 2997 andern
3143 2964 3272 2998 Booten
3296 2964 3397 3002 durch.

3057 3009 3133 3043 DaS
3164 3009 3386 3042 unbemannte
3416 3009 3511 3045 Boot,
3563 3010 3633 3049 sagt
3664 3010 3717 3043 ein
3746 3010 3897 3044 weiterer

2997 3053 3132 3091 Bericht,
3161 3053 3286 3092 vollzog
3315 3053 3365 3087 die
3395 3053 3460 3093 ihm
3489 3054 3582 3094 durch
3613 3054 3775 3093 drahtlose
3802 3055 3897 3089 Tele¬

2995 3098 3131 3136 graphie
3161 3097 3408 3132 übermittelten
3438 3099 3572 3138 Befehle
3602 3099 3822 3139 automatisch,
3853 3100 3897 3133 le»

2997 3141 3108 3182 diglich
3139 3141 3266 3181 iitfolge
3319 3143 3374 3176 des
3407 3148 3481 3176 vom
3513 3144 3774 3182 Sendeapparat
3805 3143 3898 3184 durch

2995 3186 3090 3221 einen
3115 3187 3321 3225 Tasterdruck
3348 3187 3571 3227 abgegebenen
3598 3189 3736 3227 Befehls
3764 3189 3899 3228 mittelst

2996 3231 3162 3270 Hertzscher
3196 3231 3282 3265 beim
3316 3232 3447 3266 Sender
3482 3233 3547 3266 unb
3584 3234 3789 3274 Empfänger
3825 3234 3898 3267 kon¬

2996 3279 3114 3315 gruent
3142 3276 3387 3315 abgestimmter
3416 3276 3550 3311 Wellen.
3604 3278 3667 3311 Bei
3700 3278 3753 3311 der
3784 3279 3897 3316 Länge

2997 3321 3051 3354 des
3077 3320 3274 3355 LenkbooteS
3301 3322 3366 3355 »md
3393 3321 3494 3360 seiner
3520 3321 3680 3361 geringen
3706 3321 3897 3360 Triebkraft

2996 3365 3158 3405 vollzogen
3192 3366 3245 3405 sich
3280 3366 3329 3400 die
3361 3367 3592 3406 Bewegungen
3626 3366 3767 3406 ziemlich
3802 3367 3896 3407 lang-

2997 3411 3075 3449 sant.
3101 3410 3177 3445 aber
3206 3411 3267 3444 daS
3295 3410 3366 3445 eine
3392 3417 3461 3445 war
3490 3411 3559 3450 doch
3589 3411 3816 3450 überraschend
3846 3412 3896 3445 br-

2995 3455 3121 3494 wiese»,
3145 3455 3209 3494 dass
3232 3455 3287 3489 ein
3311 3456 3552 3490 unbemanntes
3577 3456 3664 3490 Boot
3688 3462 3762 3490 vom
3785 3457 3896 3491 Lande

2997 3504 3061 3533 auS
3090 3499 3228 3540 beliebig
3257 3509 3298 3539 zu
3326 3500 3437 3534 lenken
3467 3501 3513 3539 ist.
3543 3501 3616 3535 Wie
3645 3500 3694 3534 die
3724 3500 3897 3541 Wirthsche

2997 3544 3185 3584 Erfindung
3205 3545 3398 3584 namentlich
3417 3545 3471 3585 für
3490 3545 3540 3579 die
3557 3546 3635 3580 Mat
3645 3545 3798 3585 inelvaffe
3816 3553 3897 3585 nutz-

2997 3589 3056 3623 bar
3089 3589 3227 3629 gemacht
3258 3590 3387 3624 werden
3420 3589 3514 3627 kann,
3568 3590 3646 3629 steht
3680 3590 3751 3630 noch
3785 3589 3896 3630 dahin.

2995 3634 3184 3674 Jedenfalls
3205 3640 3278 3668 war
3301 3644 3376 3669 man
3399 3636 3553 3674 erstaunt,
3576 3635 3629 3669 ein
3652 3635 3896 3670 unbemannte»

2995 3679 3081 3714 Boot
3106 3679 3175 3714 dem
3197 3679 3393 3719 Fernbefehl
3415 3679 3583 3719 gehorchen
3606 3689 3643 3719 zu
3669 3680 3771 3718 sehen.

3180 3793 3447 3846 Italieuische
3477 3795 3701 3847 Kammer.

3060 3865 3156 3905 Rom,
3180 3865 3210 3898 8.
3236 3866 3329 3905 Juli.
3354 3868 3409 3905 Sp.
3437 3868 3506 3905 Auf
3532 3867 3605 3900 eilte
3633 3867 3784 3905 Anfrage
3811 3866 3896 3905 FoS-

2997 3912 3086 3945 caris
3109 3912 3306 3945 antivottcte
3328 3911 3680 3951 UnterstaatSsekrctär
3705 3912 3735 3945 di
3759 3912 3897 3947 Scalea,

2997 3956 3047 3988 die
3067 3955 3287 3994 italienischen
3307 3956 3534 3995 Kriegsschiffe
3553 3956 3718 3995 bestlchten
3736 3961 3801 3990 von
3820 3955 3897 3995 Zeit

2996 4009 3036 4039 zu
3063 4000 3136 4039 Zeit
3164 4000 3216 4034 die
3240 4000 3455 4039 Haupthäfen
3482 4001 3538 4034 des
3565 4001 3824 4037 Mittelmeeres,
3853 4000 3896 4039 je¬

2998 4044 3068 4082 doch
3089 4045 3123 4078 in
3143 4045 3204 4078 den
3226 4045 3334 4082 letzten
3354 4044 3487 4084 Jahren
3507 4045 3559 4079 die
3579 4046 3643 4079 von
3664 4044 3897 4083 Tripolis

2998 4089 3090 4127 nicht.
3115 4089 3201 4123 Dies
3227 4090 3332 4123 werde
3358 4089 3459 4127 jedoch
3486 4089 3519 4122 in
3548 4089 3695 4128 Zukunft
3723 4089 3897 4128 geschehen.

2998 4137 3053 4167 Hin
3074 4134 3133 4167 daS
3154 4133 3349 4171 italienische
3367 4135 3649 4173 Nationalgefühl
3669 4135 3718 4167 bei
3738 4135 3800 4168 den
3818 4135 3896 4172 star¬

2998 4178 3052 4211 ke»
3074 4177 3225 4217 dortigen
3248 4178 3466 4216 italienischen
3486 4179 3653 4213 Kolonien
3675 4188 3714 4217 zu
3736 4178 3896 4216 erhalten.

2997 4222 3068 4262 Auf
3086 4223 3157 4257 eine
3178 4222 3329 4262 Anfrage
3348 4223 3464 4256 Galliö
3485 4223 3627 4257 erklärte
3648 4223 3680 4256 di
3703 4224 3837 4260 Scalea,
3860 4225 3896 4256 eS

2998 4267 3081 4304 seien
3106 4266 3427 4306 Unterhandlungen
3453 4267 3498 4301 im
3521 4267 3642 4306 Gange
3664 4267 3811 4307 zwischen
3834 4267 3893 4301 beit

2997 4311 3168 4350 türkischen
3187 4312 3360 4348 Behörde»
3379 4312 3445 4347 und
3464 4313 3524 4345 den
3542 4312 3794 4350 aufständischen
3815 4312 3844 4345 A
3859 4312 3870 4346 l
3886 4325 3894 4334 -

2997 4355 3174 4390 baiiern
3228 4356 3295 4389 und
3323 4365 3398 4389 man
3426 4356 3520 4393 dürfe
3546 4357 3606 4393 auf
3633 4356 3706 4389 eine
3732 4355 3896 4393 friedliche

2997 4395 3063 4432 ttitd
3089 4399 3330 4438 befriedigende
3352 4396 3610 4438 Lösnng'dieseS
3635 4397 3894 4438 beklagenswer¬

2997 4446 3050 4477 ten
3077 4441 3264 4481 Konfllktes
3292 4444 3411 4482 hoffe».
3436 4443 3574 4487 Darauf
3599 4443 3684 4477 wird
3713 4443 3764 4477 die
3789 4444 3894 4478 Bera¬

2997 4490 3078 4526 tung
3103 4488 3181 4521 über
3204 4488 3266 4520 das
3289 4488 3319 4521 V
3331 4497 3346 4521 e
3361 4496 3376 4520 r
3390 4488 3401 4525 s
3415 4487 3423 4519 i
3437 4486 3466 4525 ch
3479 4496 3493 4520 e
3508 4496 3524 4520 r
3538 4496 3594 4527 int
3608 4491 3738 4527 gSmo
3752 4486 3897 4526 nopol

2994 4533 3112 4565 wieder
3136 4531 3401 4571 ausgenommen.
3425 4532 3583 4570 Mehrere
3605 4533 3737 4567 Redner
3761 4531 3895 4573 verzich¬

2996 4579 3049 4609 ten
3069 4579 3166 4610 unter
3183 4576 3253 4609 dem
3272 4576 3398 4614 Beifall
3414 4577 3470 4611 der
3486 4577 3648 4612 Kammer
3667 4578 3727 4616 auf
3744 4578 3797 4611 die
3813 4577 3895 4611 Ein¬

2996 4620 3163 4661 bringung
3188 4618 3278 4657 ihrer
3299 4620 3623 4661 Tagesordnungen.

3058 4663 3154 4703 Rom,
3183 4663 3212 4697 8.
3240 4664 3334 4704 Juli.
3360 4668 3416 4704 8p.
3469 4666 3535 4700 Die
3564 4666 3594 4701 K
3607 4675 3628 4699 a
3641 4675 3673 4700 tu
3687 4666 3835 4701 inerko
3850 4675 3895 4700 in»

2997 4709 3191 4748 Mission
3244 4719 3304 4750 zur
3350 4710 3509 4750 Prüfung
3558 4710 3615 4744 deS
3663 4711 3693 4745 V
3707 4720 3722 4744 e
3735 4720 3751 4744 r
3766 4711 3777 4750 s
3789 4711 3801 4744 i
3813 4711 3843 4748 ch
3855 4720 3897 4745 e»

2997 4763 3011 4786 r
3026 4763 3046 4787 u
3062 4763 3081 4786 n
3096 4763 3114 4793 g
3128 4757 3145 4787 S
3160 4763 3190 4787 m
3204 4763 3223 4787 o
3237 4763 3257 4786 n
3271 4764 3291 4788 o
3303 4760 3323 4793 p
3336 4764 3353 4789 o
3367 4756 3379 4788 l
3393 4758 3410 4788 s
3428 4756 3654 4793 versammelte
3674 4755 3727 4794 sich
3744 4755 3838 4793 heute
3856 4764 3896 4795 zu

2995 4798 3087 4832 einer
3103 4799 3254 4837 Sitzung,
3272 4807 3316 4832 an
3335 4799 3390 4832 der
3406 4800 3480 4837 auch
3496 4800 3551 4833 der
3569 4799 3896 4838 Ministerpräsident

2997 4844 3064 4877 und
3089 4844 3143 4877 der
3167 4842 3469 4882 Handelsminister
3517 4844 3732 4882 teilnahmen.
3780 4844 3895 4878 Gio-

2997 4887 3108 4921 litt!
3125 4887 3275 4924 erklärte,
3293 4889 3322 4926 so
3339 4889 3436 4927 lange
3453 4888 3502 4922 die
3519 4889 3799 4923 Generaldebatte
3815 4888 3896 4922 über

2997 4931 3048 4965 die
3068 4932 3213 4971 Vorlage
3234 4932 3308 4969 noch
3328 4933 3410 4968 nicht
3431 4932 3668 4972 abgeschlossen,
3689 4932 3731 4971 fei
3754 4936 3790 4966 eS
3813 4930 3895 4970 nicht

2995 4980 3171 5015 opportun,
3189 4976 3224 5009 in
3241 4977 3293 5010 die
3307 4977 3579 5016 Spezialdebatte
3594 4978 3810 5017 einzutreten.
3824 4978 3896 5011 Der

2995 5020 3320 5061 Ministerpräsident
3337 5021 3408 5059 hält
3428 5030 3470 5055 an
3489 5023 3549 5056 den
3567 5021 3894 5061 Hanptgrnndsätzen

2996 5065 3053 5099 des
3072 5066 3213 5104 Gesetzes
3233 5066 3299 5104 fest,
3317 5066 3410 5106 fügte
3426 5066 3528 5104 jedoch
3546 5067 3608 5102 bei,
3627 5076 3662 5099 er
3679 5067 3784 5100 werde
3803 5065 3895 5100 einer

2997 5110 3288 5150 UebergangSfrist
3318 5116 3376 5144 vor
3406 5112 3476 5145 dein
3509 5112 3707 5149 definitiven
3737 5110 3892 5148 Inkraft¬

2996 5156 3102 5188 treten
3130 5156 3186 5188 deö
3215 5155 3356 5194 Gesetzes
3383 5154 3586 5194 zustiinineii.
3614 5154 3699 5191 Auch
3725 5154 3829 5186 »verde
3857 5160 3892 5186 er

2995 5197 3048 5236 sich
3063 5200 3119 5232 der
3131 5198 3328 5238 Vertagung
3343 5200 3399 5232 der
3413 5199 3605 5235 Diskussion
3623 5199 3682 5235 auf
3698 5198 3747 5230 die
3761 5195 3890 5234 Herbst¬

2995 5242 3106 5281 session
3129 5242 3210 5279 nicht
3231 5243 3437 5281 widersetzen.

3057 5286 3152 5326 Rom,
3176 5285 3205 5318 9.
3229 5285 3322 5325 Juli.
3344 5288 3400 5324 8p.
3425 5284 3748 5324 Ministerpräsident
3775 5284 3891 5319 Gio-

2995 5330 3006 5364 s
3018 5330 3028 5363 i
3044 5331 3056 5364 t
3071 5332 3082 5364 t
3097 5331 3104 5364 I
3123 5329 3263 5364 erklärte
3283 5330 3316 5363 in
3334 5329 3390 5363 der
3405 5330 3573 5367 Kammer,
3591 5331 3652 5363 das
3669 5329 3699 5363 B
3712 5337 3728 5363 e
3741 5337 3757 5362 r
3771 5327 3893 5368 siche¬

2993 5383 3042 5407 rn
3058 5383 3077 5406 n
3092 5384 3109 5415 g
3124 5378 3141 5407 S
3156 5382 3185 5407 m
3199 5383 3219 5407 o
3232 5382 3252 5406 n
3268 5382 3286 5407 o
3298 5379 3318 5412 p
3331 5382 3348 5407 o
3362 5373 3375 5408 l
3401 5373 3500 5412 müsse
3525 5383 3584 5413 zur
3611 5373 3894 5414 Verwirklichung
